3364 5502
642 606 757 650 orario
781 604 884 648 xxxii.
1262 587 1304 645 65

211 784 367 861 subiecto,
408 791 438 848 et
476 783 653 847 coniunctio
690 807 743 861 τε,
773 805 828 868 pro
852 802 914 865 qua
936 783 1049 844 frustra
1072 780 1303 845 substituerunt

212 920 306 982 aeque
329 897 439 964 Inutile
462 921 517 975 γε,
541 897 580 962 ab
603 896 661 960 hoc
685 896 752 960 loco
775 918 899 980 prorsus
924 876 1024 960 alienu
1048 901 1103 958 est.

392 1349 544 1414 Ounrro
568 1347 706 1413 XXXII.
752 1351 857 1414 Κατὰ
881 1349 1124 1427 Διογείτονος.

254 1578 324 1661 dt.
372 1578 495 1643 ναυτικοὶ
528 1578 553 1642 δ’
587 1575 729 1654 ἐπέδειξεν
765 1577 936 1657 ἐκδεδομένα
970 1576 1050 1641 ἑπτα
1081 1574 1220 1640 τάλαντα
1251 1575 1302 1639 καὶ

210 1690 429 1773 τεπαροέκοντα
450 1695 527 1770 μνᾶς
540 1742 549 1758 .
562 1739 570 1756 .
585 1740 592 1756 .
607 1739 635 1774 .,
664 1692 815 1772 δισχιλίας
839 1692 868 1755 δὲ
887 1689 1079 1772 ὀφειλομένας
1091 1692 1121 1754 ἒν
1132 1690 1302 1770 Χερρονήσῳ.

210 1805 382 1886 Ἐοιέοκνψε
405 1805 450 1882 δέ,
475 1806 525 1872 εὀἒν
549 1831 576 1872 τι
600 1805 696 1888 adda,
721 1805 867 1870 τάλαντον
891 1805 945 1882 μὲν
968 1805 1110 1870 ἐπιδοῦναι
1134 1813 1171 1885 τῇ
1184 1803 1300 1880 νννοιινιὶ

211 1920 261 1985 καὶ
285 1920 325 1984 τοὶ
348 1921 377 1984 ἐν
399 1921 440 2000 τῷ
462 1920 597 2000 δωματίῳ
620 1920 731 2002 δοῦναι,
755 1919 901 1984 οοέλαντον
924 1919 953 1983 δὲ
975 1928 1012 2000 τῇ
1036 1919 1171 1999 θυγατρί.
1207 1917 1301 1982 Κατέ-

211 2048 281 2098 λιπε
315 2033 344 2098 δὲ
373 2033 422 2098 καὶ
454 2031 541 2099 εἴκοσι
571 2037 648 2111 μνῖος
677 2044 715 2117 τῇ
748 2035 864 2112 γυναικὶ
895 2032 945 2098 καὶ
976 2032 1130 2114 τριάκοντα
1152 2041 1302 2110 στατῆρας

213 2146 392 2228 Κυζικηνούς.

254 2259 327 2325 Νοιι
348 2263 414 2325 sine
433 2283 525 2325 causa
539 2262 633 2327 δοῦναι
649 2268 768 2346 praeter
785 2261 1004 2325 Marklandum
1019 2259 1147 2324 offendit
1160 2259 1296 2323 Heruer·

212 2374 324 2437 denum
349 2382 378 2437 et
403 2374 633 2458 Pluygersium,
664 2396 794 2460 quorum
815 2375 883 2452 hic,
905 2375 958 2458 qui
979 2373 1144 2438 delendum
1164 2374 1302 2449 censuit,

212 2487 340 2552 fortasse
363 2509 468 2552 verum
484 2487 571 2552 vidit.
607 2487 680 2552 Iure
696 2495 798 2552 tamen
815 2510 917 2572 roges,
936 2488 1017 2552 unde
1037 2487 1200 2558 molestum
1220 2509 1304 2550 voca-

212 2601 319 2666 bulum
354 2601 461 2686 pedem
494 2602 644 2667 intulerit.
690 2601 796 2682 Quum
831 2602 881 2665 vix
912 2601 1083 2686 explicandi
1104 2601 1202 2686 gratia
1230 2601 1302 2664 addi

214 2717 365 2800 potuerit,
401 2723 539 2802 superest
571 2723 606 2780 ut
628 2716 765 2781 dicamus
789 2717 882 2781 δοῦναι
908 2738 973 2779 esse
1001 2716 1114 2780 variam
1138 2715 1300 2779 lectionem

213 2829 296 2894 verbi
326 2831 469 2915 ἐπιδοῦναι
476 2880 486 2909 ,
519 2853 611 2916 quae,
647 2837 683 2896 ut
710 2831 743 2894 in
771 2829 823 2896 Or.
848 2828 976 2906 XXXI,
1000 2830 1016 2913 ξ
1040 2835 1059 2893 9
1085 2830 1201 2893 fuctum
1225 2829 1303 2892 vidi·
1359 2917 1362 2924 ι

213 2965 299 3022 mus,
332 2966 347 3008 e
378 2945 515 3028 margine
546 2944 608 3008 hue
638 2944 822 3028 migraverit.
870 2941 1064 3027 Quamquam
1096 2941 1161 3006 fieri
1184 2949 1300 3026 potest,

215 3063 251 3120 ut
275 3079 322 3120 res
346 3079 377 3120 se
401 3057 489 3121 aliter
507 3056 624 3121 -habeet
639 3064 669 3121 et
684 3056 826 3121 librarius
842 3077 897 3141 pro
915 3054 1081 3138 vocabulo,
1098 3055 1182 3139 quod
1199 3057 1304 3120 oculos

216 3172 314 3257 ipsius
336 3172 468 3256 fugerit,
493 3171 610 3256 aliquid
634 3173 672 3236 de
696 3194 753 3236 suo
777 3171 950 3256 scripserit,
975 3177 1011 3235 ut
1033 3171 1148 3234 factum
1172 3171 1305 3236 vidimus

211 3286 244 3349 in
268 3284 355 3349 Orat.
381 3284 491 3364 XXX,
512 3288 529 3369 t
555 3289 605 3350 12.
652 3285 685 3348 Si
708 3309 735 3350 v.
761 3308 788 3350 c.
814 3307 868 3370 pro
891 3287 985 3351 δοῦναι
1010 3284 1162 3370 legeretur
1185 3286 1302 3350 ἔπιπλα

213 3398 260 3462 vel
280 3398 387 3475 σκεύη,
413 3399 499 3463 locus
524 3399 608 3463 omni
631 3398 797 3464 offensione
820 3405 951 3463 careret:
977 3398 1095 3463 fallitur
1119 3399 1200 3463 enim
1225 3400 1301 3464 Her·

212 3511 387 3590 werdenus,
419 3513 469 3577 cui
500 3514 555 3578 τοὶν
587 3513 722 3593 δωματίῳ
745 3520 818 3578 sunt
841 3513 951 3598 viginti
975 3513 1046 3577 illae
1071 3514 1172 3578 minae
1197 3522 1227 3578 et
1252 3515 1304 3579 tri·

212 3624 298 3709 ginta
328 3626 468 3710 cyziceni.
519 3626 653 3692 (laeteris
685 3628 766 3692 enim
798 3627 959 3713 Diogitoni
990 3629 1144 3713 permissis
1176 3628 1226 3713 (cf.
1251 3629 1303 3693 καί

213 3738 244 3802 in
274 3739 418 3804 κατέλιπε
448 3741 477 3804 δὲ
506 3743 568 3825 καί)
601 3741 755 3806 Diodotus
786 3741 865 3806 hanc
896 3742 1056 3827 pecuniam
1088 3742 1230 3807 κατέλιπε
1265 3753 1302 3824 τῇ
1349 3819 1352 3824 ¹

211 3854 347 3930 γυναικί,
372 3875 449 3917 uxor
472 3861 574 3918 autem
597 3854 723 3918 dederat
748 3855 907 3939 Diogitoni
931 3863 1008 3920 teste
1030 3857 1048 3940 t
1073 3859 1123 3921 15.

254 3967 272 4050 p
296 3969 325 4030 8.
371 3967 437 4039 τοὺς
468 3967 522 4045 μὲν
549 3967 663 4040 παῖδας
686 3969 726 4040 εἷς
749 3966 826 4032 dccv
850 3969 1038 4052 ἀναπέμπει,
1064 3971 1115 4044 τὴν
1138 3970 1168 4035 δὲ
1190 3970 1303 4050 μητέρα

219 4081 314 4144 αὐτῶν
335 4079 478 4145 extruere
500 4081 612 4153 ἐπιδοὺς
636 4083 883 4162 πεντακισχιλίας
906 4081 1047 4163 δραχμάς
1054 4132 1063 4161 ,
1087 4084 1201 4164 χιλίαις
1213 4085 1303 4150 ἔλατ·

217 4217 265 4258 τον
287 4189 323 4258 ὧν
346 4194 360 4258 ὃ
383 4195 453 4272 drap
476 4197 553 4277 αὐτῇ
577 4195 686 4260 ἔδακεν.

258 4305 336 4370 Cum
361 4306 518 4372 codicibus
542 4307 706 4393 legendum
730 4311 841 4388 αὐτῆς,
865 4333 927 4374 non
951 4314 1044 4393 αὐτῇ,
1070 4312 1152 4396 quod
1177 4311 1232 4374 diu
1255 4319 1301 4376 est

215 4443 251 4484 ex
275 4441 337 4503 quo
360 4421 510 4486 editiones
533 4424 663 4501 invasit,
688 4445 758 4487 nam
784 4424 936 4490 Diodotus
960 4448 1023 4490 non
1046 4428 1133 4491 uxori
1158 4426 1301 4503 dederat,

1163 4545 1179 4596 9
