3364 5502
364 554 405 616 54
799 577 914 622 curro
937 577 1022 625 rxvr.

405 756 423 839 b
445 757 475 818 9.
521 757 635 820 κάκεῖνο
664 755 689 819 θ’
710 757 889 836 ἐνθυμεῖσθε,
911 756 954 823 ὅτι
977 758 990 822 θ
1013 757 1067 828 θεὶς
1091 756 1139 822 τθν
1161 755 1225 836 περὶ
1247 760 1304 820 τῶν
1327 754 1446 833 δοκιμα-

360 873 427 933 σιῶν
449 867 532 945 νθμον
554 872 611 950 οὐχ
634 867 739 944 ήκιστα
762 875 818 934 τῶν
840 873 869 935 ἕν
891 871 1053 953 θλιναρχίρι
1074 868 1222 950 άρέάντων
1237 865 1323 934 ἕνεκα
1333 866 1445 943 ἔθηκεν,

361 981 516 1058 ήγιθμενοι
540 982 624 1048 δεινὸν
647 979 736 1060 εἶναι,
761 986 785 1048 εί
810 984 853 1048 δι’
877 981 923 1056 οὓς
948 987 965 1059 ή
989 984 1169 1064 δημοκρατίαν
1191 981 1352 1058 κατελύθη,
1372 977 1447 1046 οὗτοι

360 1096 389 1160 ἐν
419 1100 495 1177 αὐτή
522 1105 560 1177 τή
587 1099 720 1178 πολιτείρι
745 1097 837 1162 πάλιν
862 1097 996 1180 θρξονσι,
1020 1098 1070 1163 καί
1091 1097 1175 1178 κύριοι
1198 1095 1369 1174 γενήσονται
1391 1099 1446 1158 τῶν

358 1209 450 1283 νθμων
472 1210 522 1276 καὶ
545 1217 597 1284 τής
620 1212 751 1289 πόλεως,
775 1208 807 1288 ήν
832 1212 964 1292 πρότερον
980 1209 1207 1291 παραλαβόντες
1219 1208 1306 1280 οὕτως
1318 1209 1446 1287 αἰσχρῶς

359 1322 408 1388 καί
430 1323 524 1395 δεινῶς
546 1325 747 1402 ἐλωβήσαντο.

404 1434 521 1500 Notum
549 1446 595 1500 est
617 1439 669 1512 τήν
691 1438 841 1528 πολιτείαν
865 1438 947 1523 apud
970 1445 1105 1504 oratores
1129 1459 1219 1522 saepe
1241 1457 1297 1520 pro
1319 1443 1373 1509 τήν
1398 1433 1445 1507 θή-

358 1550 519 1628 μοκριοτίιιι
550 1552 632 1634 poni.
679 1550 766 1617 Idem
798 1553 829 1618 h.
861 1553 881 1617 l.
910 1553 1022 1618 fecerat
1044 1551 1169 1636 Lysias,
1194 1549 1248 1614 sed
1270 1548 1447 1612 intercesse-

358 1670 432 1726 runt
453 1662 578 1728 librarii.
613 1663 692 1729 Oum
716 1666 797 1730 enim
812 1666 864 1730 ille
880 1667 1064 1751 scripsisset:
1081 1665 1238 1742 ήγοθμενος
1255 1661 1343 1727 δεινὸν
1354 1657 1444 1737 εἶναι,

358 1776 382 1840 εί
412 1773 451 1840 δι’
478 1772 524 1848 οὓς
556 1780 572 1852 ή
604 1779 740 1843 πολιτεία
761 1780 908 1856 κατελύθη
915 1829 925 1862 ,
948 1777 1024 1846 οὗτοι
1049 1782 1077 1845 ἕν
1100 1780 1177 1859 αὐτή
1201 1775 1291 1841 πάλιν
1314 1773 1443 1854 άρξοωσι,

358 1890 574 1973 grammaticus
605 1894 783 1976 supervenit
813 1905 843 1958 et
875 1893 912 1958 de
936 1915 1019 1958 more
1034 1890 1081 1958 'ad
1107 1897 1123 1969 ή
1149 1891 1284 1958 πολιτεία
1306 1888 1445 1973 appinxit

359 2003 594 2085 ήδιιμοκρατία,
620 2027 697 2088 quae
721 2007 974 2072 annotatiuncula
997 2029 1016 2071 a
1038 2007 1171 2072 librariis
1193 2007 1226 2069 in
1250 2003 1358 2068 reriem
1382 2023 1445 2065 ver·

358 2115 466 2181 borum
504 2115 613 2201 Lysiae
644 2118 784 2183 traducta
815 2121 925 2186 sinceri
957 2120 1099 2186 vocabuli
1131 2120 1234 2186 locum
1264 2117 1443 2200 occupavit,

357 2227 450 2312 idque
478 2228 550 2293 sede
580 2252 636 2294 sua
667 2230 863 2296 deturbatum
895 2233 955 2296 alio
987 2234 1117 2318 migrare
1144 2232 1251 2310 iussit,
1276 2229 1332 2294 ubi
1354 2251 1385 2294 se
1408 2235 1445 2292 ut

358 2341 461 2426 potuit
484 2343 733 2408 accommodavit.
781 2344 898 2409 Eodem
920 2346 983 2410 fere
1006 2346 1097 2410 modo
1121 2350 1285 2433 corruptus
1306 2349 1352 2406 est
1362 2342 1448 2406 locus

356 2455 390 2518 in
412 2452 465 2519 Or.
490 2453 635 2532 XXXII,
659 2457 676 2540 b
703 2459 760 2535 10,
785 2457 838 2522 ubi
863 2457 933 2522 vide
957 2480 1035 2542 quae
1059 2457 1284 2524 annotabimus.

399 2568 417 2651 b
442 2569 492 2631 14.
540 2566 645 2632 Codex
667 2569 808 2652 praebet:
839 2569 918 2636 Τίτε
941 2573 995 2643 μίν
1016 2572 1076 2653 γάρ
1099 2573 1178 2651 ὑμᾶς
1201 2569 1284 2652 ᾤοντο
1307 2563 1447 2650 θργισθέν·

256 2677 259 2680 ’
356 2703 412 2752 τας
442 2679 651 2758 Λεωδάμαντα
682 2682 913 2762 ἀποδοκιμάσαι·
950 2687 1002 2751 ἐάν
1034 2685 1063 2750 δὲ
1090 2684 1177 2750 αὑτὸν
1199 2681 1393 2762 δοκιμάσητε,
1416 2677 1447 2745 εὖ

356 2793 479 2859 είσονται
502 2791 544 2859 θτι
567 2796 599 2860 οὒ
623 2795 720 2876 δικαία
744 2796 846 2878 γνθμρ
868 2799 931 2878 περὶ
957 2801 1048 2863 αὐτοῦ
1072 2798 1223 2878 κέχρησθε.

400 2907 506 2972 Potest
528 2908 610 2991 fieri,
636 2916 671 2972 ut
694 2909 750 2973 viri
774 2909 858 2974 docti
880 2933 936 2996 pro
959 2912 1066 2989 αὐτόν,
1092 2909 1176 2996 quod
1192 2909 1263 2974 ferri
1278 2929 1340 2972 non
1357 2928 1446 2992 posse

357 3021 430 3085 satis
465 3028 602 3098 constat,
639 3029 721 3086 recte
753 3025 945 3107 reposuerint
980 3031 1096 3090 τοῦτονι
1126 3023 1195 3088 vide
1219 3030 1321 3086 tamen
1344 3041 1445 3084 annon

243 3185 245 3187 .
356 3134 458 3218 potius
481 3134 678 3200 statuendum
701 3135 758 3212 sit,
779 3135 919 3202 librarios
935 3137 967 3202 in
984 3138 1108 3202 nomine
1124 3136 1247 3221 proprio
1264 3133 1445 3210 scribendo,

357 3254 393 3312 ut
424 3249 544 3332 saepius
576 3247 667 3325 alibi,
699 3249 743 3313 sic
774 3249 832 3314 hoc
859 3272 982 3334 quoque
1013 3251 1081 3315 loco
1114 3249 1294 3316 titubavisse
1323 3258 1354 3312 et
1377 3246 1447 3311 scri·

357 3362 454 3447 psisse
476 3361 506 3426 δὲ
528 3361 630 3439 αὐτόν,
655 3383 723 3428 oum
741 3361 850 3446 Lysiae
874 3385 983 3428 manus
1006 3364 1116 3428 fuisset
1139 3362 1332 3442 δἘὕανθριν.
1357 3359 1445 3440 Quae

302 3497 305 3501 ·
357 3474 491 3559 suspicio
523 3497 558 3539 ec
588 3475 839 3554 commendatur,
872 3476 956 3560 quod
986 3476 1140 3561 oppositio
1169 3498 1223 3560 per
1245 3497 1355 3539 nomen
1378 3495 1447 3558 pro·

357 3589 459 3673 prium
489 3587 600 3652 fortius
631 3587 788 3666 efferetur,
822 3610 914 3672 quam
939 3611 993 3673 par
1015 3610 1201 3674 pronomen,
1226 3595 1257 3651 et
1280 3587 1324 3650 sic
1347 3586 1446 3651 omnis

358 3701 542 3786 ambiguitas
566 3699 702 3766 tolletur.

402 3815 420 3898 p
445 3816 494 3878 lt.
540 3814 680 3891 Καίτοιρε
707 3814 794 3879 αὐτὸν
816 3815 910 3879 άκοιίω
933 3813 1025 3889 λέξειν
1048 3817 1085 3887 ὡς
1109 3818 1140 3879 οὐ
1164 3815 1228 3895 περί
1252 3815 1342 3879 αὐτοῦ
1365 3812 1447 3889 μόνον

359 3931 375 4003 ή
399 3927 555 4004 δοκιμασία
577 3927 672 4008 ἐστίν,
696 3927 781 3992 άλλά
803 3928 866 4007 περὶ
891 3927 1008 3991 πάντων
1031 3933 1087 3992 τῶν
1110 3930 1138 3990 ἐν
1161 3925 1245 3992 άστει
1269 3924 1444 4004 μεινάντων,

358 4039 409 4105 καί
431 4041 497 4110 τοὺς
519 4036 613 4116 ὅρκους
636 4040 685 4104 καὶ
710 4041 765 4113 τάς
788 4042 929 4115 συνθήκας
952 4041 1031 4117 ὑμᾶς
1055 4041 1244 4117 ὑπομνήσειν,
1266 4041 1304 4111 ὥς
1326 4041 1359 4104 ἐκ
1382 4038 1446 4102 rori·

359 4179 416 4219 των
446 4153 681 4233 προσληψόμενον
708 4153 795 4219 αὐτὸν
823 4153 1002 4230 δοκιμαστάς
1028 4153 1094 4225 τοὺς
1118 4156 1147 4217 ἐν
1169 4150 1253 4218 άστει
1276 4151 1445 4228 μείναντας.

405 4267 465 4330 Pro
495 4267 600 4343 αὐτόν,
632 4265 715 4350 quod
748 4267 777 4330 h.
807 4267 828 4330 l.
852 4266 931 4331 nihil
956 4267 1125 4351 signifieat,
1150 4265 1313 4350 legendum
1338 4285 1446 4329 censeo

362 4381 459 4463 αὐτῷ,
483 4380 542 4444 nisi
566 4379 661 4445 mavis
686 4379 796 4444 habere
820 4401 875 4464 pro
899 4378 985 4444 scioli
1009 4378 1227 4444 additamento.
