3364 5502
640 599 758 646 onanro
779 597 845 642 xiv.
1245 579 1287 640 31

247 766 286 840 In
309 777 356 842 his
380 777 479 842 multa
502 801 549 844 mo
573 778 743 842 offendunt.
790 775 927 838 Primum
950 773 1286 854 πρῶτον-ἔπειτεν·-

207 889 311 956 ἔοτειτοι
342 892 392 955 vix
423 891 496 956 alibi
520 891 601 975 apud
625 889 747 974 Lysiam
771 888 919 973 reperies,
944 909 1015 950 nam
1038 887 1124 952 locus
1147 909 1183 951 ex
1205 889 1224 972 ψ
1244 888 1287 950 30

209 1003 302 1066 huius
316 1003 475 1082 orationis,
493 1025 585 1086 quem
596 1002 822 1086 Ilrohbergerns
835 999 958 1078 attulit,
971 1022 1032 1064 non
1048 1000 1138 1084 plane
1151 999 1287 1064 eiusdem

208 1116 328 1199 generis
359 1124 422 1194 est,
455 1138 548 1199 quum
581 1116 620 1180 ad
650 1115 780 1178 alterum
810 1111 915 1178 ἔτειτον
945 1112 1084 1176 additum
1107 1112 1147 1176 sit
1169 1113 1199 1176 δὲ
1221 1113 1289 1188 κνιί;

210 1228 321 1292 deinde
344 1250 398 1312 pro
422 1236 579 1312 praesente
601 1227 738 1305 γίγνεσθε
760 1227 882 1309 requiro
898 1225 1055 1303 futurum,
1071 1233 1108 1290 ut
1122 1226 1154 1289 in
1167 1247 1293 1309 sequen·

209 1341 291 1406 tibus
323 1342 467 1423 membris
489 1342 583 1405 huius
607 1341 793 1418 sententiae;
818 1362 908 1425 porro
931 1341 1079 1422 θμόψηφνι
1103 1341 1167 1404 sine
1191 1343 1290 1412 αὐτοῖς

206 1455 254 1518 vel
289 1454 349 1517 alio
383 1454 487 1517 dativo
521 1454 624 1518 minus
660 1461 741 1518 recte
773 1453 903 1529 dicitu1·;
935 1452 1066 1536 denique
1096 1453 1214 1537 puerile
1246 1459 1293 1517 est

208 1565 308 1630 dicere
338 1589 427 1644 eum,
451 1567 507 1652 qni
529 1567 673 1632 τοίννιντίοι
696 1573 754 1636 τοῖς
778 1565 932 1645 τοιοίκοντνε
958 1565 1137 1646 ψηφίζεται,
1166 1567 1204 1630 iis
1228 1588 1291 1630 non

136 1736 138 1742 s
209 1677 363 1760 ὁμόψηφον
398 1701 472 1744 esse.
519 1678 664 1764 Suspicor
695 1678 817 1763 Lysiam
848 1677 985 1742 dedisses
1017 1679 1068 1742 ε’ίιν
1094 1676 1140 1744 οὖν
1163 1682 1205 1755 μὴ
1228 1680 1293 1756 όμό·

213 1795 307 1872 ψηφοι
329 1798 389 1864 τοῖς
405 1792 559 1869 τρινίκοντνε
575 1791 714 1868 γίγνησθε
730 1790 789 1871 (vel
804 1791 907 1874 potins
923 1811 993 1854 cnm
1009 1788 1132 1854 Nubere
1144 1791 1293 1876 γένησθε),

213 1908 320 1983 πρῶτον
350 1904 403 1976 μὲν
432 1911 493 1976 τοῖς
525 1905 668 1984 ὑμετέροις
692 1905 786 1967 αὐτῶν
809 1904 907 1984 φίλοις
929 1903 1155 1983 τετιμωρηκότες
1179 1904 1294 1987 ἔσεσθε,

213 2014 316 2081 ἔπειτεν
338 2026 398 2087 τοῖς
421 2021 510 2082 τοῖσιν
529 2017 679 2096 ἀνθρώποις
701 2015 798 2093 δόξετε
817 2016 915 2080 δίκαιον
933 2015 984 2080 acl
1002 2011 1068 2081 όσινι
1086 2018 1275 2099 ψηφίσμσθοιι
1284 2066 1294 2096 ,

213 2129 332 2194 omissis
355 2131 499 2195 τοίνοεντίοε
513 2138 573 2201 τοῖς
588 2130 742 2210 τριόκοντιι
757 2129 941 2211 ψηφίζησθε,
962 2130 1074 2212 quibus
1090 2131 1194 2196 nescio
1204 2154 1295 2216 quem

213 2241 293 2306 illud
310 2246 367 2323 οὐχ
383 2243 530 2324 ὁμόψηφοι
542 2244 682 2320 γίγνησθε
694 2243 859 2327 explicasse
875 2251 961 2326 puto.
992 2242 1177 2329 Quicunque
1194 2253 1296 2310 autem

215 2355 293 2420 hanc
311 2357 541 2440 explicationem
559 2356 677 2420 addidit
693 2377 785 2439 supra
800 2355 909 2438 legisse
927 2355 1049 2420 videtur
1065 2359 1224 2436 τοίνοιντίοι,
1245 2359 1296 2423 ad-

215 2470 280 2534 dito
298 2466 442 2547 articulo,
460 2470 514 2554 qui
531 2469 621 2554 plane
638 2468 825 2534 necessarius
843 2477 888 2532 est
900 2475 1024 2554 propter
1034 2470 1103 2533 illas
1115 2471 1196 2556 ipsas
1208 2473 1296 2536 ratio·

215 2604 278 2659 nes,
292 2604 367 2667 quas
378 2581 603 2666 Frohbergcrus
616 2582 730 2659 attulit,
742 2589 778 2645 nt
791 2580 912 2645 articuli
924 2583 1118 2647 omissionem
1130 2592 1296 2650 excusaret.

297 3033 446 3098 Onasro
469 3033 556 3098 XIV.
603 3035 707 3101 Κιιτθο
734 3034 969 3110 Ἀλκιβινίθου
995 3039 1221 3116 λιτοτοιξίον.

264 3259 281 3343 d
303 3263 334 3325 4.
381 3259 527 3344 Legimus
555 3262 587 3323 in
615 3260 774 3325 Palatino:
821 3262 906 3334 Είκός
929 3263 1019 3327 τοίννν
1041 3263 1135 3341 ε’στίν,
1159 3261 1180 3329 ὦ
1202 3265 1299 3346 ἄνδρες

220 3371 373 3446 δικασταί,
407 3371 440 3447 ἐξ
468 3370 502 3437 οὖ
530 3373 581 3446 την
610 3374 716 3452 εἰρήνην
738 3373 953 3457 ε’ντοιησοίμεθνι,
978 3380 1086 3455 πρῶτον
1109 3377 1301 3457 περὶτούτων

220 3485 278 3550 νυνί
312 3484 479 3565 δικάζοντες
507 3488 548 3563 μη
571 3487 654 3564 μόνον
677 3486 818 3557 δικννστθις
841 3488 925 3552 dard
948 3488 997 3552 κοιί
1020 3490 1173 3566 νομοθέτης
1196 3493 1301 3564 αὐτοὺς

221 3599 372 3681 γενόσθνιι,
397 3597 428 3664 εὖ
450 3599 561 3671 εἰδότος
588 3599 648 3677 ότι,
673 3599 748 3671 ότως
772 3598 808 3664 όιν
832 3602 913 3677 ὑμεῖς
929 3602 985 3667 νννί
1002 3601 1065 3683 περί
1081 3605 1174 3668 ννθτῶν
1190 3610 1300 3689 γνῶτε,

220 3709 291 3776 οὕτω
314 3712 364 3776 κνιί
387 3712 435 3776 τὸν
458 3710 549 3776 ἄλλον
571 3713 670 3793 χρόνον
693 3716 709 3788 η
733 3714 817 3784 πόλις
840 3717 938 3786 νιύτοίς
960 3714 1112 3794 χρήσεται.

266 3823 341 3886 Vult
365 3833 467 3887 orator
489 3825 521 3887 ni
544 3825 651 3890 fallorz
674 3847 770 3902 „vos,
794 3824 928 3902 iudices,
953 3827 1061 3911 primi,
1086 3849 1121 3891 ex
1146 3850 1207 3913 quo
1231 3851 1300 3893 cum

220 3935 489 4012 „Lacedaemoniis
521 3958 625 4021 pacem
657 3939 899 4021 composuimus,
932 3938 1043 4003 sedetis
1074 3939 1107 4002 in
1137 3962 1227 4004 cansa
1249 3943 1302 4006 δει-

220 4045 310 4124 ,,)ιίνις
345 4056 374 4110 et
409 4049 603 4130 οὶστροντείοις,
640 4055 670 4112 et
706 4058 797 4134 prout
827 4058 928 4114 vestra
950 4052 1102 4115 sententia
1124 4075 1226 4118 severa
1249 4063 1304 4118 aut

220 4160 339 4237 „facilis
376 4161 450 4238 erit,
487 4162 518 4226 in
553 4169 710 4246 posterum
746 4184 848 4226 severe
883 4169 936 4226 ant
970 4163 1057 4227 facile
1092 4175 1199 4250 agetur
1232 4188 1303 4230 cum

221 4273 362 4356 „ignavis
385 4283 416 4338 et
438 4274 494 4350 iis,
518 4275 573 4358 qui
595 4274 736 4338 militiam
761 4273 1014 4340 detrectaverint:
1038 4279 1143 4360 magni
1159 4277 1234 4341 adeo
1247 4280 1304 4344 rei·

224 4387 386 4470 „publicae
417 4388 544 4451 interest
579 4389 611 4451 iu
634 4397 734 4450 utram
757 4397 874 4471 partem
898 4410 951 4452 vos
975 4389 1157 4454 sententiam
1179 4391 1301 4473 feratis,
