3364 5502
340 584 382 648 tt
773 596 887 645 onemo
911 595 998 640 xxxi.

338 772 442 844 {rorat
465 775 614 853 δημοτῶν,
637 777 731 858 ὥσπερ
753 777 802 842 νοοῖ
826 775 912 844 άλλοι
935 773 1038 842 πολλοὶ
1061 779 1117 840 τῶν
1140 779 1264 840 πολιτῶν
1290 774 1426 842 circini

338 889 485 968 δυνάμενοι
508 901 682 974 λειτουργεῖν
705 902 764 964 τοῖς
787 893 927 971 σώμασιν.
1248 978 1251 983 ¹

384 1003 541 1070 Ambobus
564 1007 704 1070 manibus
729 1007 909 1090 arriperem,
926 1007 952 1068 si
967 1006 998 1070 in
1015 1005 1119 1089 aliquo
1135 1004 1241 1068 codice
1257 1025 1425 1090 pronomen

338 1117 427 1189 οιύτός
460 1118 597 1204 (Belgioe
631 1121 663 1183 νἰι
690 1120 848 1204 perscore),
884 1118 967 1201 qnod
1000 1126 1069 1202 post
1090 1117 1350 1195 ἐπαγγειλάμενος
1375 1117 1426 1182 vix

338 1229 440 1296 locum
472 1233 552 1296 tueri
580 1240 698 1317 potest,
730 1232 798 1298 loco
828 1233 948 1296 mutato
979 1231 1130 1316 legeretur
1157 1232 1188 1295 in
1212 1231 1312 1314 priore
1336 1238 1426 1315 perte

339 1343 432 1408 huius
464 1346 608 1410 sectionis
639 1354 709 1411 ente
738 1346 879 1420 άῖιῖνοιτος
911 1337 957 1409 vel
987 1345 1138 1422 βοηθῆσαι.
1185 1343 1232 1408 Of.
1265 1344 1297 1408 in
1326 1344 1425 1428 linet

339 1457 420 1524 οιιῖτοῖ
443 1461 475 1524 οὐ
497 1458 645 1538 δυνάμενοι
669 1466 844 1541 λειτουργεῖν
866 1466 926 1532 τοῖς
949 1459 1091 1538 σάμιοσιν.

382 1573 400 1656 p
425 1575 475 1636 18.
522 1574 631 1654 περιιὼν
648 1573 729 1638 κοιτά
747 1574 814 1646 τοὺς
832 1574 938 1653 άγροὺς
957 1571 1006 1638 rol
1027 1570 1214 1652 ἐντυγχάνων
1233 1574 1425 1636 τοῖνπολιτῶν

337 1693 397 1758 τοῖς
424 1685 655 1769 πρεσβυτάτοις,
678 1682 704 1751 οἳ
725 1686 901 1764 κατέμεινάν
923 1689 952 1751 έν
974 1689 1033 1758 τοῖς
1056 1685 1153 1763 ticon
1176 1722 1221 1734 -
1241 1682 1377 1750 άῖάνοιτοι
1400 1682 1425 1746 δ’

339 1799 394 1864 ὑπὸ
416 1808 468 1874 τῆς
493 1801 607 1875 ηλικέοις
629 1799 742 1876 βοηέεῖν
765 1801 826 1866 ιιτέ.

383 1912 461 1977 Cum
493 1912 616 1979 Nebero
646 1914 861 2000 corrigendum
885 1913 1098 1996 πρεσβυτέροις.
1137 1911 1184 1978 Of.
1209 1910 1318 1976 Gobeti
1343 1910 1423 1976 Nov.

337 2023 434 2090 Lectt.
458 2049 527 2111 pag.
556 2029 637 2104 119,
664 2030 746 2107 552,
772 2031 845 2093 628.

380 2143 398 2226 p
421 2143 473 2206 25.
519 2141 607 2206 Ἀλλ’
626 2135 685 2221 άροι
704 2137 749 2205 ivor
767 2141 902 2218 βελτῖους
918 2136 983 2206 ὦσιν
994 2142 1018 2205 οἱ
1031 2147 1150 2205 πολῖτσιι
1162 2139 1275 2219 δρῶντες
1287 2136 1426 2212 άποιντως

336 2255 436 2333 ὁμοίως
453 2254 648 2338 τιμωμένους,
667 2254 714 2320 διά
732 2260 817 2320 τοῦτο
836 2252 1022 2332 δοκιμαστέος
1034 2253 1129 2330 εὀτῖυς
1146 2253 1230 2318 άλλά
1241 2252 1362 2324 κίνδυνος
1374 2252 1423 2317 κοιῖ

335 2369 401 2441 τοὺς
430 2366 591 2449 χρηστούς,
621 2368 672 2433 ε’άν
695 2367 886 2434 οιίσέάνωντοιι
910 2367 1010 2446 ὃμοῖως
1033 2374 1093 2440 τοῖς
1116 2373 1242 2448 πονηροῖς
1265 2367 1320 2451 (sic
1343 2364 1423 2450 cod.)

335 2481 529 2564 τιμωμένους,
554 2481 718 2548 ποιάσεσέοοι
740 2487 797 2547 τῶν
819 2487 954 2562 χρηστῶν
977 2479 1231 2558 ἐπιτηδευμάτων,
1254 2486 1310 2546 τῶν
1329 2482 1424 2546 ουἰτῶν

336 2595 510 2673 ἡγουμένους
528 2590 600 2658 εἶιιιι
616 2593 683 2666 τούς
699 2618 732 2659 τε
749 2595 855 2666 κοινοὺς
873 2599 964 2671 τιμάν
981 2593 1030 2658 κιο)
1042 2599 1098 2658 τῶν
1109 2595 1229 2670 άγοιέοῖν
1239 2594 1423 2671 άμνημονεῖν.

380 2707 463 2772 Male
496 2706 594 2770 seduli
616 2705 746 2786 librarii
781 2729 816 2772 ex
853 2707 1060 2792 superioribus
1094 2706 1132 2770 de
1159 2728 1216 2770 suo
1238 2707 1424 2771 inferserunt

337 2821 426 2886 verbe
449 2819 527 2884 mele
551 2820 668 2884 Graece
690 2819 791 2898 έμοῖως
814 2827 873 2893 τοῖς
897 2827 1024 2901 πονηροῖς
1048 2819 1244 2902 τιμωμένους,
1268 2842 1346 2903 quae
1366 2819 1423 2883 viri

335 2934 418 3000 docti
442 2933 579 2998 certatim
604 2933 788 2998 coniecturis
812 2955 873 3000 non
899 2933 1064 2998 admodum
1088 2932 1229 2998 felicibus
1253 2941 1422 3000 tentarunt.

335 3049 367 3113 si
398 3071 425 3113 v.
457 3071 483 3113 c.
515 3048 611 3132 legis:
642 3048 743 3127 ὁμοίως
766 3050 833 3121 τοὺς
856 3050 1207 3133 commmemoratione,
1233 3071 1355 3115 necesse
1378 3060 1424 3114 est

334 3162 562 3246 subintelligere
597 3162 709 3236 ἑωυτοῖς
744 3163 807 3227 sive
840 3171 900 3236 τοῖς
931 3170 1089 3244 χρηστοῖς,
1118 3163 1201 3248 quod
1224 3163 1423 3230 durissimum

334 3284 388 3342 est.
435 3275 550 3340 Contra
580 3277 627 3340 his
658 3276 758 3341 verbis
788 3277 948 3362 expunctis
972 3299 1061 3342 nemo
1085 3300 1147 3342 non
1171 3277 1210 3342 ed
1233 3279 1422 3345 οιῖσέάνωντοιι

334 3413 370 3456 ex
393 3388 601 3474 superioribus
628 3398 729 3456 monte
752 3397 869 3476 repetet
891 3391 1031 3464 άποιντως
1054 3391 1154 3470 ὁμοίως
1176 3391 1362 3470 τιμωμένους.

378 3505 395 3588 p
418 3507 471 3568 32.
518 3503 568 3583 ὁρῶ
595 3501 624 3567 δέ
648 3527 729 3576 τινάς
751 3495 779 3568 οῖ
800 3509 849 3569 νῦν
873 3505 927 3581 μὲν
948 3505 1041 3586 τούτῳ
1063 3504 1333 3586 πωροισιιευάζοντοιι
1355 3506 1423 3586 βοη-

332 3618 389 3682 έεῖν
413 3661 487 3684 ....
506 3616 573 3680 τότε
598 3616 642 3700 δέ,
666 3613 715 3682 ὅτε
737 3617 762 3682 οῖ
784 3616 900 3682 ιιῖνδυνοι
923 3617 977 3695 μὲν
1001 3618 1069 3695 ὑμῖν
1087 3618 1137 3685 nal
1156 3621 1180 3684 οῖ
1198 3617 1332 3696 μέγιστοι
1344 3620 1423 3695 otyo-

333 3754 379 3802 νες
406 3727 498 3805 ἧσσον,
628 3728 696 3795 τότε
725 3731 776 3794 οὐκ
803 3730 909 3796 ἐδέοντο
932 3732 1022 3796 ωὐτοῖι
1045 3730 1186 3808 βοηθῆσαι
1208 3731 1258 3796 κοιῖ
1283 3731 1350 3811 ὑμῖν
1372 3731 1421 3796 rai

333 3852 408 3924 κοινῇ
437 3851 475 3924 τῇ
509 3843 610 3925 πόλει,
635 3841 685 3907 sal
708 3843 751 3921 μη
774 3842 923 3921 προδοῦναι
946 3845 1024 3922 μήτε
1046 3846 1099 3920 την
1121 3845 1250 3926 πωτρῖδοο
1271 3846 1349 3924 μήτε
1371 3847 1423 3920 τὴν

332 3957 457 4036 βουλάν,
485 3951 517 4030 ἧς
541 3961 589 4021 νῦν
612 3955 691 4034 άξιοῖ
712 3964 816 4038 τυχεῖν
838 3950 870 4023 οὐ
890 3957 980 4036 μετὸν
995 3960 1088 4042 αὐτῷ,
1105 3956 1205 4024 ἄλλων
1220 3983 1254 4024 τε
1271 3959 1327 4043 (sic
1339 3957 1421 4044 cod.)

333 4069 611 4150 recrementum.

378 4183 449 4248 Tris
474 4182 584 4250 ultimo
608 4182 754 4248 vocabule
778 4183 909 4250 delenda
931 4183 1071 4249 arbitror.
1116 4183 1252 4270 Repetiit
1268 4207 1304 4250 ee
1318 4185 1420 4250 nescio

334 4299 403 4384 quir
433 4319 470 4361 ex
499 4298 516 4382 p
547 4299 607 4380 el,
639 4302 675 4360 ut
706 4296 871 4382 explicaret
901 4297 1016 4362 scilicet
1046 4299 1079 4362 οὐ
1101 4297 1189 4375 μετὸν
1211 4299 1301 4380 σοιἰτῷ.
1348 4297 1420 4384 Ipse

334 4411 427 4480 verba,
459 4409 706 4496 interpolatorem
741 4417 891 4496 arguunt,
931 4433 1001 4476 nem
1036 4411 1302 4495 κωτεργοισοιμένων
1337 4420 1420 4476 caret
