3364 5502
383 600 423 659 la
826 617 940 659 orario
965 617 1007 660 rx.

377 803 409 857 at
440 795 548 857 saltem
573 804 722 858 oratorem
746 793 855 878 Lysiae
879 795 925 858 vel
951 795 1168 858 Demosthenis
1193 793 1367 877 aequalem,
1398 816 1464 858 eam

375 909 589 993 conscripsisse
606 907 783 992 perhibent;
800 907 1008 972 Franckenius
1021 910 1170 992 denique,
1189 909 1271 992 quod
1284 909 1315 972 in
1331 908 1387 972 hac
1399 930 1463 971 ora·

373 1023 457 1085 tione
487 1021 636 1106 quaedam
665 1045 772 1106 parum
805 1023 906 1087 Attica
937 1024 1127 1106 reperiamur
1151 1023 1242 1106 atque
1266 1045 1336 1086 cum
1359 1023 1463 1086 Attico

373 1137 439 1200 iure
459 1137 646 1219 pugnantia,
668 1157 723 1219 pro
741 1137 842 1200 nescio
859 1137 947 1200 ouius
963 1137 1078 1200 falsarii
1094 1158 1184 1220 opere
1201 1135 1311 1199 habere
1329 1136 1459 1200 videtur.

372 1247 486 1313 Omnes
520 1270 692 1332 perperam,
727 1250 752 1312 si
783 1249 858 1334 quid
893 1249 990 1313 video,
1038 1249 1089 1312 Me
1114 1251 1193 1312 enim
1217 1249 1319 1312 iudice
1344 1250 1461 1312 Attico·

371 1384 438 1425 rum
470 1361 618 1445 loquendi
650 1383 724 1424 usus
757 1364 867 1444 passim
901 1363 1048 1438 violatus,
1082 1363 1169 1426 hians
1194 1363 1392 1446 compositio,
1419 1371 1460 1424 te-

370 1475 584 1538 stimoniorum
607 1473 789 1556 significatio
808 1476 938 1551 omissa,
956 1475 1106 1538 inconditi
1125 1498 1232 1538 seusus
1253 1483 1387 1558 arguunt
1399 1475 1460 1558 epi·

372 1595 570 1665 tomatorem,
606 1589 660 1670 qui
695 1589 863 1652 orationem
897 1590 993 1652 Attici
1024 1589 1231 1669 λογογράφον,
1267 1588 1377 1672 Lysiae
1413 1588 1461 1651 vel

371 1701 584 1765 Demosthenis
601 1702 749 1784 aequalis,
771 1703 911 1786 quisquis
924 1703 1047 1766 tandem
1060 1703 1135 1780 fuit,
1152 1702 1259 1766 eodem
1271 1702 1379 1779 modo,
1397 1722 1460 1787 quo

368 1813 427 1878 hoc
441 1814 557 1877 factum
570 1814 708 1877 videmus
723 1815 755 1878 iu
773 1816 909 1879 oratione
925 1823 1031 1878 contra
1046 1815 1303 1891 Theomnestum,
1323 1816 1355 1878 in
1370 1815 1459 1879 breve

369 1929 520 1991 contraxit
551 1935 581 1991 et
612 1927 737 1991 lacinias
770 1928 945 2012 ceteroquin
979 1937 1026 1991 sat
1058 1927 1135 1992 bene
1167 1929 1295 2013 scriptas
1320 1930 1459 2005 consuit,

370 2042 413 2104 sic
437 2047 556 2118 tamen,
581 2048 617 2104 ut
640 2048 763 2105 suturae
789 2041 902 2124 ubique
926 2043 1164 2125 conspiciantur.
1214 2044 1339 2126 Aequus
1363 2042 1460 2105 lector

370 2176 453 2218 nunc
488 2154 602 2237 relegat
636 2154 710 2217 mihi
746 2155 931 2230 orationem,
969 2164 998 2217 et
1032 2156 1075 2216 sic
1110 2154 1242 2230 iudicet,
1280 2165 1349 2218 utra
1382 2155 1460 2217 ratio

372 2274 519 2351 praestet,
562 2289 629 2331 mea
669 2289 708 2330 an
743 2290 794 2343 ea,
837 2289 928 2350 quam
965 2269 1021 2331 viri
1057 2267 1139 2330 docti
1175 2276 1360 2350 sequantur,
1404 2267 1458 2351 qui

375 2380 463 2456 vitia,
501 2402 578 2463 quae
613 2381 726 2465 carpsi,
763 2379 900 2444 tribuant
934 2388 988 2444 aut
1021 2381 1157 2444 incuriae
1192 2381 1387 2443 librariorum
1426 2389 1456 2443 et

374 2492 473 2556 codici
507 2493 670 2577 archetypo
706 2493 830 2557 madore
859 2494 981 2576 situque
1013 2500 1158 2576 corrupto
1190 2501 1220 2557 et
1253 2493 1371 2570 lacero,
1407 2499 1461 2557 aut

374 2605 488 2668 falsarii
518 2605 667 2668 inscitiae.
715 2603 808 2683 Quod
839 2606 865 2667 si
896 2627 964 2668 mea
994 2607 1128 2689 suspicio
1159 2628 1229 2669 vera
1253 2614 1314 2683 est,
1339 2628 1461 2669 necesse

372 2726 418 2780 est
444 2717 606 2801 pleraeque
630 2717 839 2795 coniecturae,
864 2717 976 2802 quibus
1001 2718 1057 2781 viri
1081 2719 1163 2780 docti
1187 2719 1265 2784 hauc
1289 2720 1459 2783 orationem

293 2879 296 2884 -
370 2829 569 2906 tentaverint,
603 2829 684 2893 ultro
708 2830 872 2894 concidant
895 2838 949 2894 aut
972 2830 1059 2894 valde
1082 2832 1215 2894 incertae
1239 2832 1324 2896 fiant.
1375 2833 1455 2897 Hinc

369 2942 468 3006 tribus
492 2943 582 3018 locis,
606 2965 683 3026 quos
711 2966 748 3008 ex
763 2944 820 3007 hac
837 2944 972 3008 oratione
990 2944 1065 3007 mihi
1082 2944 1255 3008 tractandos
1273 2945 1391 3028 delegi,
1412 2946 1458 3008 in·

372 3055 471 3120 dicavi
501 3055 639 3138 quidem,
668 3079 729 3140 qua
751 3057 784 3120 in
806 3078 839 3120 re
862 3078 959 3120 sermo
984 3056 1163 3120 descisceret
1186 3064 1319 3121 avetere
1336 3059 1455 3122 Attico-

371 3190 440 3231 rum
463 3168 700 3246 consuetudine,
726 3170 879 3254 simulque
895 3171 1016 3247 monui,
1035 3171 1110 3254 quid
1128 3172 1455 3256 Atticussoripsisset,

372 3281 424 3344 sed
456 3283 631 3366 ceteroquin
661 3283 694 3346 in
725 3283 826 3347 medio
857 3283 986 3367 reliqui,
1022 3293 1091 3347 utra
1114 3284 1204 3348 lectio
1228 3285 1266 3348 ab
1291 3284 1458 3349 editoribus

371 3392 486 3457 tuenda
509 3401 600 3458 esset.

415 3508 431 3590 b
456 3508 472 3572 7
500 3507 553 3590 (†).
599 3507 796 3592 διδάσκοντες,
820 3512 856 3580 ὦς
880 3513 930 3574 οὐκ
952 3510 1073 3582 ἐπιεικὲς
1096 3509 1138 3585 εἴη
1160 3516 1217 3574 τῶν
1235 3516 1358 3575 πολιτῶν
1376 3535 1457 3584 τινας
1545 3543 1550 3552 ·

371 3619 418 3683 διά
440 3619 496 3691 τάς
519 3619 626 3699 ἔχθρας
650 3619 946 3704 άναγράφεοθαι.

415 3731 475 3794 Pro
506 3732 616 3795 ultimo
648 3733 739 3798 verbo
771 3734 919 3818 Taylorus
950 3735 1072 3799 volebat
1095 3735 1341 3817 άπογράφεοάαι,
1367 3735 1455 3800 credo

371 3851 495 3929 propter
517 3847 697 3928 άπογραφήν
721 3855 917 3911 memoratam
940 3849 973 3932 §p
997 3850 1064 3910 aet
1080 3850 1132 3910 21.
1172 3847 1231 3910 Sed
1248 3855 1401 3932 tempore,
1418 3848 1457 3912 de

371 3977 432 4040 quo
456 3957 487 4019 in
511 3957 567 4021 hac
589 3958 605 4041 q
628 3959 746 4042 agitur,
771 3958 909 4022 nondum
932 3966 1056 4023 ventum
1082 3966 1147 4023 erat
1163 3960 1199 4022 ad
1216 3960 1369 4024 bonorum
1384 3963 1456 4024 άπο·

370 4069 507 4151 γραφήν,
544 4091 635 4152 quam
667 4080 856 4134 accusatores
881 4079 946 4134 tum
971 4071 1095 4135 demum
1118 4071 1334 4149 intenderunt,
1360 4095 1456 4156 quum

369 4204 455 4245 reum
479 4184 655 4259 παρήγαγον
678 4184 787 4259 πάλιν,
813 4191 849 4247 ut
872 4191 917 4248 est
940 4185 971 4248 iu
997 4186 1013 4269 q
1040 4188 1089 4248 la.
1138 4185 1260 4248 Atticus
1286 4186 1457 4270 scripsisset

369 4294 591 4375 ἐγγράφεσθαι,
615 4297 635 4358 i.
661 4318 686 4360 e.
710 4297 791 4362 inter
815 4298 923 4361 aerarii
948 4297 1100 4362 debitores
1124 4298 1238 4362 referri.

413 4409 430 4493 ᾗ
454 4411 472 4469 8
498 4409 553 4492 (†).
597 4407 668 4474 Ὅτι
696 4410 750 4487 μὲν
772 4407 818 4475 οὖν
841 4411 963 4495 άφείάνν
987 4411 1254 4489 antecursores
1277 4412 1454 4477 ἐπίστασθε·
