3364 5502
805 553 919 597 oua'rlo
942 553 1041 599 xxvn.

415 845 564 908 Οκινιο
587 843 722 912 XXVII.
769 845 872 910 Κατοδ
895 845 1129 925 Ἐπικροίσους
1153 848 1215 912 καί
1239 855 1306 912 τῶν
1330 874 1417 926 συμ-

562 959 795 1037 πρεσβευτῶν
818 961 991 1036 ἐπίλονος
1014 961 1056 1031 ὡς
1081 960 1268 1042 Θεόδωρος.

418 1169 490 1272 §ti
535 1185 712 1262 ε’νθυροείσθαι
744 1183 772 1249 δὲ
799 1186 857 1264 χρὴ
881 1181 923 1250 θτι
949 1184 1093 1258 πολλοίκιο
1117 1185 1259 1262 ἠκούσατε
1283 1188 1390 1254 τούτων
1415 1204 1461 1254 λε·

373 1298 498 1388 γθντων,
534 1296 621 1362 σ’πίτε
654 1296 806 1373 βούλοιντό
839 1321 905 1361 τινα
940 1298 1045 1371 οίδίκως
1079 1299 1241 1383 οίπολίσαι,
1277 1298 1338 1376 θτι,
1370 1302 1394 1366 εί
1417 1304 1460 1379 μίν
1650 1303 1655 1338 ί

373 1412 610 1492 καταψηφιεῖσθε
632 1407 668 1475 ὦν
691 1411 774 1475 αύτοί
797 1409 977 1488 κελεύουσιν,
1001 1412 1146 1492 ίπιλείψει
1162 1414 1239 1490 ὑμᾶς
1256 1417 1273 1489 η
1288 1414 1459 1494 αισθοφοροί.

374 1525 431 1591 Καί
465 1531 513 1590 νῦν
547 1525 624 1589 ούδὲν
655 1521 738 1600 ἧττον
768 1530 901 1588 τοσοῦτον
924 1524 1011 1606 ε’νδεί,
1034 1523 1108 1590 ίίστε
1130 1526 1163 1589 τὸ
1186 1527 1239 1603 μὲν
1261 1528 1389 1602 πλῆθος.
1406 1577 1413 1592 .
1429 1579 1459 1593 ..

374 1639 423 1702 καί
452 1641 469 1712 ἡ
493 1637 619 1717 αἰσχύνη
643 1640 659 1712 οἱ
682 1637 730 1702 διοδ
749 1637 856 1702 τούτων
880 1637 947 1715 ὑμῖν
973 1639 1127 1720 γίγνεται,
1158 1642 1175 1715 ἡ
1198 1637 1222 1702 δ’
1245 1639 1374 1719 ὠφέλεια
1396 1641 1461 1705 τού-

373 1772 449 1823 τοις·
481 1750 670 1830 πεπείρανται
697 1749 756 1829 γὰρ
786 1746 846 1826 θτι,
877 1749 986 1814 ίπθταν
1007 1747 1100 1815 οὗτοι
1124 1751 1173 1815 καί
1196 1753 1220 1815 οἱ
1244 1752 1352 1816 τούτων
1374 1753 1456 1828 λθνοι

373 1865 485 1931 δοκῶσιν
519 1862 603 1929 αίτιοι
637 1858 709 1927 είναι
739 1865 913 1945 ψηφιεῖσθαι
948 1864 1026 1954 ὑαοξς
1056 1864 1138 1944 παροδ
1160 1865 1193 1928 τί
1215 1862 1337 1938 δίκαιον,
1360 1865 1458 1948 ῥαδίως

373 1979 456 2059 παρα
475 1983 531 2042 τῶν
554 1975 721 2041 ἀδικούντων
743 1975 891 2055 χρύαατα
917 1975 1112 2052 λαμβοίνουσι.
1320 2055 1323 2062 .

417 2087 505 2156 orirer
528 2088 719 2156 referendum
744 2095 790 2150 est
814 2086 852 2151 ad
876 2087 1052 2173 Epicratem
1076 2089 1203 2171 eiusque
1226 2087 1359 2166 sodales,
1384 2089 1404 2152 i.
1430 2111 1456 2154 e.

371 2203 408 2267 ad
439 2202 609 2269 subiectum
641 2200 726 2265 verbi
748 2201 960 2279 πεπείρανται,
986 2200 1069 2286 qnod
1093 2201 1175 2264 salva
1198 2201 1370 2267 Graecitatc
1393 2204 1458 2267 fieri

370 2339 458 2402 posse
482 2338 576 2401 nego,
602 2313 753 2400 quidquid
777 2313 902 2398 quidam
927 2315 981 2378 viri
1008 2315 1091 2378 docti
1114 2315 1306 2400 obstrepunt.
1350 2315 1457 2380 Pecca-

370 2432 452 2494 vitne
475 2431 571 2514 igitur
593 2427 722 2512 Lysias?
769 2428 916 2493 Minime:
943 2429 1106 2512 scripserat
1136 2428 1205 2505 ille,
1230 2430 1347 2514 opinor,
1372 2438 1455 2494 ‘recte

370 2551 462 2627 atque
485 2543 606 2606 ordine:
639 2541 748 2606 ίπθταν
770 2539 847 2606 οὖτοι
871 2543 895 2606 σί
919 2543 1001 2619 λθγοι
1025 2543 1060 2627 (i.
1086 2565 1111 2606 e.
1136 2541 1178 2607 ὅτι
1202 2544 1346 2618 ἐπιλείψει
1369 2547 1386 2620 ἧ
1410 2568 1456 2621 ροι-

368 2651 510 2739 σθοφοροί,
545 2658 570 2720 εί
602 2657 645 2734 μὴ
679 2655 916 2735 καταψηφιεῖσθε
952 2652 988 2719 ὧν
1025 2655 1106 2720 αὐτοί
1132 2656 1308 2742 κελεύουσιν)
1331 2656 1454 2722 δοκοῦσιν
1511 2660 1515 2667 ’

368 2768 451 2835 αίτιοι
481 2764 552 2836 είναι
575 2767 754 2851 ψηφίζεσθαι
779 2768 837 2853 (sic
861 2776 941 2832 recte
965 2767 1189 2854 Franckeuius)
1213 2770 1292 2846 ὑμᾶς
1316 2771 1399 2850 παροδ
1420 2772 1454 2835 πθ

367 2883 481 2948 δίκαιον.
520 2881 702 2967 Supervenit
729 2882 831 2946 nescio
857 2882 946 2964 quis,
973 2883 1083 2967 quiin
1107 2882 1256 2947 lectorum
1272 2884 1401 2967 gratiam
1417 2883 1455 2948 ed

367 2994 446 3062 οὖτοι
464 2997 487 3061 οί
510 2995 612 3078 λθροι,
638 2996 721 3080 quod
743 2996 803 3080 ipsi
819 2995 977 3061 obscurius
994 3005 1092 3072 esset,
1110 2995 1293 3061 adscriberet
1307 2999 1332 3062 οί
1348 2999 1456 3063 τούτων

366 3109 477 3192 λθγοι,
496 3131 574 3194 quae
605 3109 696 3174 verba
726 3117 832 3193 postea
862 3111 894 3172 iu
926 3117 1043 3173 textum
1074 3118 1232 3194 assumpta
1262 3111 1351 3176 nobis
1373 3133 1456 3176 nuuc

366 3246 421 3308 pro
444 3222 581 3308 Lysiacis
604 3221 813 3286 venditantur.

397 3338 427 3421 p
449 3339 489 3398 4.·
526 3335 584 3400 Καί
618 3337 649 3400 ού
684 3341 732 3400 νῦν
767 3341 888 3415 πρῶτον.
910 3336 1047 3416 ὤφθησαν
1081 3336 1263 3418 ἀδικοῦντες,
1298 3338 1382 3402 οίλλοδ
1404 3338 1454 3402 καί

366 3450 497 3530 πρθτερον
528 3448 578 3523 ἤδη
610 3448 699 3528 δώρων
730 3449 886 3528 ἐκρίθησαν.
934 3448 991 3512 Καί
1023 3450 1090 3525 ὑμῖν
1120 3448 1181 3528 ἔχω
1209 3450 1382 3514 ἐπικαλέσαι
1411 3449 1453 3516 ίτι

364 3569 415 3628 τοῦ
440 3563 530 3627 αὐτοῦ
552 3561 731 3638 νίδικήροατος
754 3561 969 3638 Λεωδοίριαντος
993 3561 1046 3637 μὲν
1069 3562 1331 3646 κατεψηφίσασθε,
1350 3565 1451 3630 τούτου

365 3676 389 3740 δ’
411 3673 663 3757 ἀπεψηφίσασθε,
686 3678 738 3739 τοῦ
760 3676 851 3739 αὐτοῦ
873 3673 971 3754 οίνδρθι
994 3671 1132 3739 οἱποίντων
1154 3682 1379 3755 κατηγοροῦντος
1401 3683 1451 3743 καὶ

365 3796 422 3858 τῶν
444 3791 541 3854 αύτῶν
563 3789 877 3871 καταμαρτυρούντων,
901 3781 927 3852 οἳ
950 3791 1007 3869 οὐχ
1030 3788 1128 3869 ἑτέρων
1150 3789 1291 3866 ἥκουσαν,
1314 3793 1386 3856 αλλ’
1401 3795 1454 3857 αύ-

365 3903 407 3971 τοὶ
442 3899 515 3977 ἦσαν
548 3904 572 3968 οί
603 3903 665 3982 περί
696 3908 751 3967 τῶν
781 3900 942 3984 χρηροοίτων
972 3902 1021 3966 καί
1053 3909 1107 3967 τῶν
1135 3903 1224 3984 δούρων
1247 3905 1316 3985 πρὸς
1337 3906 1453 3978 τούτους

366 4017 561 4097 προίττοντες..

409 4129 512 4196 Verba
539 4129 588 4195 καί
616 4131 682 4208 ὑμῖν
708 4129 768 4211 ἔχω
795 4136 872 4195 caet.
901 4137 982 4194 arcte
1009 4152 1079 4195 cum
1106 4129 1315 4216 superioribus
1346 4131 1453 4196 cohae-

365 4251 443 4311 rent.
490 4243 583 4324 Quod
618 4244 644 4306 si
677 4264 801 4320 verum,
837 4245 867 4307 in
903 4243 1027 4328 Lysiam
1055 4243 1183 4329 culpam·
1204 4245 1329 4330 putidae
1356 4246 1451 4330 negli-

365 4358 486 4443 gentiae
517 4364 547 4422 et
577 4357 761 4422 insulsitatis
790 4357 944 4435 conferas,
976 4358 1002 4422 si
1033 4357 1187 4423 existimes
1217 4359 1269 4423 καί
1299 4358 1447 4423 sicunde
1493 4362 1495 4366 ’
