3364 5502
354 574 395 634 86
792 590 908 634 oassro
930 590 994 634 xvi.

354 776 384 831 et
407 790 527 831 omnem
550 767 682 851 lapidem
706 790 843 844 movere,
869 776 904 830 ut
927 767 1110 832 absolvatur.
1153 767 1285 853 Utrique
1310 766 1440 830 diffionl·

354 881 411 944 tati
442 880 648 959 medebimur,
680 881 706 944 si
739 881 993 945 eliminaverimus
1027 884 1158 958 τολμᾶν,
1201 881 1284 964 quod
1316 880 1441 944 sedulus

355 993 449 1058 lector
480 1016 516 1056 ox
548 995 646 1077 priore
677 995 845 1057 sententiae
869 1001 953 1077 parte
977 994 1038 1056 huo
1062 994 1214 1058 intorsisse
1238 993 1379 1070 videtur,
1403 1001 1439 1057 ut

356 1105 464 1190 Lysiae
495 1107 676 1170 sententiam
709 1106 843 1189 expleret
873 1106 997 1170 seilicet.
1047 1105 1158 1170 Verum
1182 1128 1244 1170 non
1268 1107 1365 1190 magis
1389 1128 1440 1169 au·

355 1219 486 1282 diendus
521 1227 567 1282 est
598 1241 689 1302 quam
719 1218 762 1295 is,
795 1219 849 1300 qui
881 1218 919 1282 ad
945 1216 966 1282 ύο
989 1219 1158 1298 τύσχοντες
1183 1219 1271 1283 ἄδικοι
1293 1217 1438 1298 ἐνομίζετε

358 1332 517 1414 adscripsit
547 1331 677 1410 τοίσχειν
700 1332 731 1394 in
755 1329 808 1394 Or.
834 1329 934 1407 XXV,
959 1334 976 1415 p
1000 1334 1059 1394 20:
1086 1335 1130 1396 Ού
1150 1331 1240 1395 τοίνυν
1263 1329 1341 1402 ύὲιον
1369 1340 1443 1411 χρῆ·

358 1447 422 1509 σύοιι
452 1444 578 1518 τούτοις,
610 1439 649 1515 οίς
681 1445 801 1515 ἐκείνους
831 1445 939 1522 ἑωρᾶτε
963 1443 1240 1523 ἐξοιμοιρτοίνοντιις,
1264 1441 1319 1508 οὐδ’
1343 1440 1364 1507 d
1388 1443 1445 1507 τύ·

358 1581 481 1638 σχοντες
510 1557 597 1621 ἄδικοι
627 1557 771 1637 ἐνομίζετε
797 1555 943 1636 τοίσχειν,
974 1554 1044 1621 ύτκν
1067 1557 1175 1634 ἑτέρους
1199 1565 1317 1629 ποιῆτε,
1343 1557 1442 1620 δίκοιιοι

360 1673 507 1750 ἡγεῑσύοιι,
530 1670 614 1734 tart
635 1672 687 1743 aba
711 1672 801 1743 οιύτύιν
818 1667 1004 1740 κιιτελύύντες
1017 1668 1079 1747 περὶ
1096 1671 1190 1734 aaran
1202 1669 1319 1745 γνώμην
1331 1667 1442 1748 ἔχετε,

360 1782 445 1861 ἥνπερ
474 1782 636 1862 Φεύγοντος
665 1782 727 1860 περί
759 1783 836 1858 ὑμῶν
867 1785 960 1846 σύτῶν
991 1781 1107 1861 είχετε·
1144 1782 1170 1844 si
1194 1781 1275 1844 onim
1298 1781 1363 1865 ipse
1386 1780 1444 1864 Ly·

361 1897 419 1960 sias
443 1894 624 1971 addidisset,
649 1917 709 1958 non
734 1895 916 1977 neglexisset
939 1895 971 1957 in
991 1916 1074 1978 seqq.
1093 1894 1204 1958 addere
1222 1901 1328 1971 τοιεῑνς
1350 1894 1444 1957 eiecto

362 2020 463 2074 autem
486 2009 615 2088 τοίσχειν
637 2017 718 2072 reete
742 2016 833 2092 atque
855 2009 961 2074 ordine
985 2008 1043 2071 sibi
1067 2008 1252 2092 respondent
1267 2008 1353 2072 ἄδικοι
1366 2006 1441 2083 νομί·

363 2125 418 2204 ζειν
441 2131 471 2187 et
494 2123 592 2186 δίκοιιοι
617 2122 760 2197 ἡνεῖσύοιι.

838 2379 979 2388 -ι--ι

403 2571 549 2636 Oaaaro
573 2572 659 2635 XVI.
706 2577 762 2637 Ἐν
785 2574 897 2652 βουλῇ
924 2572 1111 2652 Μοιντιύέῳ
1136 2572 1408 2653 δοκιμαζομένῳ

810 2684 1006 2768 οὶτολονίυ.

406 2913 423 2996 t
448 2915 463 2976 7
490 2912 547 2995 (†).
592 2911 665 2986 Ἐμὲ
688 2909 778 2975 τοίνυν
805 2908 892 2979 οὐδεὶς
916 2907 952 2974 dv
975 2908 1147 2986 ἀποδείξειεν
1170 2911 1230 2975 οὔτ’
1241 2912 1443 2992 ύτενεχίίντυ

363 3025 417 3090 tra
450 3029 506 3087 τῶν
539 3023 721 3104 Φυλιίρχυν,
756 3022 822 3087 ούτε
857 3023 1054 3102 τοιρμδούὲντοι
1089 3031 1148 3096 τοῖς
1179 3025 1332 3108 συνδίκοις,
1361 3027 1401 3091 ού
1407 3051 1447 3092 τε

363 3137 595 3201 κοιτοίστοισιν
618 3136 892 3216 τιιριιλοιβύντιι.
932 3138 1032 3200 Κοιίτοι
1056 3139 1128 3202 τοῖσι
1151 3138 1241 3221 ῥᾴδιον
1263 3145 1347 3204 τοῦτο
1370 3145 1443 3214 γνῶ-

365 3272 424 3325 νοιι,
457 3247 498 3312 ύτι
529 3253 690 3325 ίινοιγκοιῖον
720 3244 752 3323 ἦν
774 3256 833 3320 τοῖς
856 3249 1037 3330 Φυλοίρχοις,
1062 3251 1085 3313 εί
1109 3253 1150 3327 μὴ
1174 3249 1354 3325 ύτοδείξειιιν
1376 3253 1446 3323 τοὺς

364 3362 489 3442 ἔχοντας
519 3365 574 3433 τὰς’
598 3363 814 3446 κιιτοιστοίσεις,
847 3367 945 3434 κύτοίς
969 3363 1145 3444 ζνμιούσύυιι.
1184 3363 1287 3430 Ὥστε
1313 3367 1388 3430 πολὺ
1413 3364 1461 3430 ύον·

364 3476 531 3556 δικιιιίτερον
553 3477 665 3547 ἐκείνοις
687 3484 745 3549 τοῖς
768 3473 944 3556 νρύμμοισιν
967 3477 984 3552 ἢ
1006 3479 1114 3548 τούτοις
1132 3478 1310 3543 πιστεύοιτε·
1329 3481 1367 3542 ἐκ
1382 3479 1448 3555 μὲν

364 3591 431 3669 γὰρ
458 3590 591 3653 τούτων
614 3591 731 3672 ῥᾴδιον
756 3580 793 3663 ἦν
815 3590 1077 3672 ἔξιιλειφύῆνοιι
1100 3593 1146 3670 τῷ
1169 3591 1390 3671 βουλομένῳ,
1415 3592 1450 3656 ἐν

366 3705 514 3776 ε’κείνοις
546 3704 580 3767 δὲ
610 3705 693 3775 τοὺς
724 3705 981 3775 ίττεύσοιντοις
1012 3706 1214 3781 assonant
1239 3702 1275 3780 ἦν
1298 3705 1363 3769 ὑπὸ
1387 3709 1450 3768 τῶν

366 3818 561 3898 <dundaxat
584 3818 842 3897 ύτενεχύῆνιιι.

413 3930 515 3994 Locus
546 3930 667 3994 duabus
690 3930 980 4014 interpolationibus
1005 3930 1193 4013 purgandus.
1240 3930 1377 3994 Primum
1401 3932 1452 3996 eli·

368 4042 512 4107 minanda
541 4051 614 4106 sunt
638 4043 728 4106 verba
750 4044 816 4109 ούτε
840 4042 1024 4108 κοιτιίστοισιν
1047 4042 1282 4123 τυρυλοιβίντοι,
1308 4066 1386 4128 quae
1409 4044 1453 4107 ni·

369 4156 427 4220 mis
458 4165 609 4239 quantum
641 4158 770 4241 puerilia
801 4167 832 4221 et
861 4159 897 4222 ab
922 4158 979 4221 boo
1002 4157 1069 4220 loeo
1093 4157 1192 4220 aliena
1215 4165 1297 4222 sunt.
1345 4158 1454 4224 Graeci

369 4277 524 4352 praeterea
558 4268 666 4334 dieunt
700 4270 884 4335 κιιτύστοοσιν
919 4270 1043 4345 λονβεῖν,
1078 4291 1140 4334 non
1175 4271 1383 4351 aspostolicis,
1420 4277 1455 4336 ut

368 4381 498 4464 Eupolis
521 4383 552 4446 in
578 4382 689 4453 Φίλοιςι
