3364 5502
358 571 402 634 td
793 593 909 637 cnamo
931 593 997 638 m.

356 769 478 833 videtur
501 771 533 834 in
557 770 711 836 vocabulis
734 772 879 851 λάβοιμεν
903 780 934 838 et
956 770 1171 850 ἀπολάβοιμεν.
1211 769 1312 855 Magis
1336 791 1371 833 eo
1394 769 1440 832 in·

357 882 451 946 clinat
480 885 617 962 animus,
649 893 685 948 ut
714 885 852 962 credam,
879 885 1060 950 vocabulum
1084 884 1209 970 aliquod
1233 883 1380 950 excidisse
1404 891 1435 946 et

358 995 429 1058 olim
462 997 609 1081 scriptum
639 998 750 1064 fuisse:
782 996 828 1063 ἵνα
855 999 959 1078 δωρεὰν
985 999 1130 1076 λάβοιμεν
1154 998 1201 1062 vel
1225 997 1324 1062 simile
1346 995 1439 1079 quid,

358 1115 395 1172 ut
429 1109 461 1172 in
495 1108 641 1174 Oratione
672 1112 812 1198 sequenti
836 1114 853 1196 q
880 1115 936 1176 ll:
961 1113 1017 1176 νννὶ
1040 1111 1140 1189 δέομαι
1163 1112 1196 1176 οὐ
1220 1111 1325 1191 δωρεὰν
1347 1107 1441 1189 ὥσπερ

358 1218 445 1300 ἕτεροι
466 1223 531 1286 αντὶ
553 1223 661 1288 σούσων
683 1225 801 1302 λαβεῖν.

402 1337 420 1419 d
442 1338 494 1399 36.
541 1335 674 1414 Δεόμεθα
694 1335 741 1408 οὖν
764 1339 841 1416 ὑμῶν
864 1340 932 1419 πρὸς
954 1344 1010 1403 σῶν
1033 1321 1223 1418 ὑπαρχόντων
1242 1337 1361 1412 ἀγαθῶν
1374 1334 1441 1400 ἕνα·

335 1429 433 1528 σοον,
465 1446 519 1529 ὅτῳ
549 1451 603 1528 μέν
633 1453 701 1522 εἰσιν
732 1452 810 1536 (lege
841 1452 920 1535 siria)
944 1453 1031 1534 υἱεῖς,
1056 1450 1163 1517 τούτων
1187 1447 1278 1515 ἕνεκεν
1303 1450 1441 1528 ἐλεῆσαι,

357 1560 435 1632 ὅστις
464 1562 489 1625 δ’
519 1565 588 1641 ἡμῖν
617 1567 768 1640 ἡλικιώτης
798 1564 948 1639 (Gobatus
979 1564 1066 1628 addit
1092 1564 1143 1649 ὢν)
1177 1563 1325 1644 τυγχάνει
1358 1562 1374 1636 ἢ
1401 1561 1443 1642 τῷ

358 1676 465 1756 πατρί,
489 1677 668 1754 ε’λειὶσανσαρ
689 1679 950 1761 ἀποψηφίσασθαι.

401 1788 505 1854 Redde
540 1813 630 1856 suum
660 1793 773 1856 oratori
796 1801 826 1858 et
849 1793 930 1878 lege:
955 1791 1032 1865 ὅστις
1055 1793 1079 1856 δ’
1102 1794 1171 1867 ἡμῖν
1194 1791 1345 1867 ἡλικιώτης
1369 1813 1442 1866 σογ-

357 1905 443 1982 χοένει
466 1904 518 1987 ὤν,
540 1906 588 1969 τὸν
608 1905 722 1986 πατέρα
741 1909 922 1981 ἐλεήσαντας
941 1906 1200 1990 ἀποψηφίσασθαι.
1233 1905 1313 1968 ¹Duo
1335 1924 1443 1988 nempe

355 2037 466 2099 genera
502 2019 640 2084 iudicum
679 2020 716 2084 ad
755 2019 992 2086 misericordiam
1032 2028 1204 2104 comparat,
1243 2019 1377 2084 seniores
1412 2022 1444 2080 et

355 2131 506 2194 iuniores:
541 2132 611 2196 illos
642 2133 813 2198 obtestatur
835 2155 889 2219 par
911 2133 989 2196 filios
1012 2133 1166 2216 ipsorum,
1191 2132 1270 2208 hos,·
1294 2129 1439 2216 aequales

356 2264 443 2321 suos,
467 2254 550 2322 orat,
574 2253 610 2309 ut
633 2247 728 2331 patris
751 2247 967 2312 misereantur:
992 2246 1145 2332 exquisita
1168 2265 1240 2308 sane
1255 2244 1441 2319 antithesis,

357 2379 435 2441 quae
465 2380 548 2423 nunc
578 2360 668 2444 plane
698 2361 859 2426 obliterata
890 2367 946 2425 est.
993 2358 1095 2425 Ιιοοιιε
1127 2366 1230 2424 autem
1257 2379 1440 2444 aequoque

357 2493 483 2536 numero
513 2473 642 2537 vitiosus
672 2484 732 2551 est,
765 2474 848 2559 quod
880 2476 1060 2549 ἐλεήσαντας
1089 2473 1208 2538 obiecto
1235 2493 1339 2536 carens
1364 2471 1438 2535 satis

355 2584 535 2669 languidum
561 2593 617 2650 est.
651 2586 799 2651 Lateatne
822 2588 880 2651 sub
902 2589 920 2663 ἥ
944 2583 1140 2672 participium
1162 2587 1214 2663 ὤν,
1238 2585 1322 2669 quod
1343 2584 1440 2649 Goba·

356 2704 407 2761 tus
431 2706 501 2782 post
523 2701 592 2774 ἡμῖν
615 2698 750 2776 addidit,
775 2700 841 2764 aliis
865 2699 1098 2763 diiudicandum
1122 2698 1273 2782 relinquo.

388 3036 542 3102 Ounnlo
564 3037 653 3105 XXI.
700 3040 900 3116 Ἀπολογίαν
923 3040 1130 3121 δωροδοκίας
1153 3038 1407 3118 ἀπαράσημος.

402 3242 472 3325 qd.
518 3241 656 3306 Locutus
687 3241 725 3304 de
756 3242 887 3305 triremis
912 3263 984 3306 suae
1007 3242 1194 3327 praestantia
1216 3262 1286 3305 reus
1310 3241 1353 3304 sic
1377 3261 1443 3325 per-

360 3354 423 3439 git:
448 3354 541 3420 uuicos
563 3353 635 3420 οὕτω
659 3355 934 3434 παρεσκευασμένην
957 3362 1050 3437 τριήρη
1075 3355 1154 3421 πόσα
1170 3354 1258 3420 οἴεσθε
1269 3354 1444 3427 ἀναλωκέναι

358 3471 523 3549 χρήματα,
549 3470 565 3546 ἢ
590 3471 669 3534 πόσα
691 3471 757 3542 σοὺς
781 3469 937 3548 πολεμίους
961 3470 1112 3551 εἰργάσθαι
1135 3467 1230 3543 κακοὶ,
1255 3468 1271 3544 ai
1295 3468 1374 3532 πόσα
1393 3470 1445 3542 σὴν

359 3584 442 3649 πόλιν
466 3578 499 3648 εὖ
522 3583 717 3659 πεποιηκέναι.

403 3694 526 3760 Novum
549 3695 621 3775 hoo,
650 3695 732 3782 quod
755 3695 887 3760 triremis
911 3695 1024 3761 dicitur
1045 3700 1147 3761 πολλοὶ
1168 3696 1315 3778 χρήματα
1330 3698 1442 3771 ἀνηλα-

358 3811 446 3875 ιιέναι.
501 3809 643 3895 Suspicor
680 3810 798 3894 aliquot
831 3809 968 3874 literulas
1003 3810 1193 3875 intercidisse
1226 3819 1257 3874 et
1291 3817 1440 3873 oratorem

358 3923 531 4008 scripsisset
548 3922 832 4002 raptumrapturn
852 3925 910 3998 riu
928 3925 1022 4004 τριήρη
1035 3924 1066 3987 h.
1080 3946 1106 3988 e.
1124 3923 1215 4010 Atqui
1226 3924 1369 3987 triremem
1381 3929 1440 3987 tam

359 4039 426 4100 berre
448 4038 619 4100 instructum
642 4038 788 4100 αοόονιίονιι
811 4043 949 4122 mantum
959 4037 1104 4118 pecuniae
1113 4041 1232 4118 putatet
1247 4035 1443 4118 ιἰιιαιιιριείιεο.

359 4149 502 4214 Recurrit
532 4150 776 4230 παρεσκεύασμαι
808 4149 915 4214 eadem
943 4149 1166 4234 significatione
1194 4149 1298 4234 paullo
1321 4149 1446 4234 postia
1509 4184 1515 4196 ·

359 4266 376 4349 q
403 4265 442 4326 10
468 4284 505 4328 ex
528 4261 741 4327 emendatione
763 4261 882 4327 Cobeti.
