3364 5502
380 578 431 638 ὡκ·
812 595 927 640 enarro
949 593 1015 641 xix.

376 772 418 835 cis
442 771 467 836 Ο
491 780 560 857 post
583 774 679 846 ἐπειδή
703 774 820 858 aliquid
844 773 1121 838 deesse-asteriscis
1145 773 1366 858 significarunt.
1403 773 1464 836 Po-

374 894 434 950 test
456 887 538 963 fieri,
565 894 599 951 nt
622 888 672 951 hic
689 911 792 954 verum
812 888 940 964 viderit,
963 910 1019 952 nec
1036 895 1137 952 tamen
1155 888 1276 968 celabo,
1295 888 1371 972 qnid
1383 887 1459 952 mihi

373 1001 405 1064 in
441 1007 572 1065 mentem
608 1003 742 1066 venerit:
778 1025 887 1087 nempe
921 1002 998 1065 duas
1033 1003 1146 1086 primas
1174 1002 1292 1066 litteras
1316 1002 1457 1066 vocabuli

374 1115 486 1191 ἐπειδή,
511 1115 624 1199 quippe
648 1122 734 1179 natas
759 1137 794 1181 ex
819 1116 1031 1201 dittographia
1054 1116 1168 1180 caudae
1191 1116 1327 1181 adverbii
1350 1137 1468 1200 praece·

375 1226 475 1291 dentis
508 1225 647 1306 ἄλλοθεν,
679 1227 824 1292 delendas
856 1250 940 1305 esse,
965 1237 995 1293 ct
1018 1251 1097 1313 quae
1120 1238 1237 1294 restant
1260 1231 1377 1294 litteras
1404 1229 1462 1304 ειδν

375 1340 589 1426 dispescendas
621 1365 685 1407 esse
716 1344 749 1408 in
782 1343 806 1407 ai
830 1343 856 1407 δ’
880 1339 929 1421 ἦν,
953 1344 1056 1408 littera
1080 1369 1111 1422 ν,
1137 1367 1189 1430 per
1213 1343 1356 1409 lineolam
1387 1343 1465 1407 indi·
1529 1367 1533 1376 ·

374 1465 458 1535 cata,
492 1478 529 1520 ex
560 1457 672 1522 exsilio
703 1465 859 1536 revocata,
888 1465 924 1522 ut
947 1459 1103 1543 scripserit
1124 1457 1251 1543 Lysias:
1275 1461 1325 1524 οὐκ
1347 1455 1405 1539 ἔφη
1429 1453 1466 1522 εἷ-

374 1593 421 1635 ναι
451 1607 513 1653 -,
545 1571 570 1635 εἷ
599 1570 624 1634 δ’
651 1568 685 1646 ἦν
707 1569 797 1646 irbrrr'
820 1569 857 1636 dra
880 1571 1030 1651 ἀνθρώπων
1052 1570 1138 1650 ἄνειν
1160 1573 1221 1638 art.
1269 1569 1411 1656 Negabat
1433 1594 1465 1635 so

374 1685 535 1767 pecuniam
559 1684 685 1759 habere,
712 1685 764 1748 sed
787 1685 813 1748 si
830 1685 955 1750 haberet
971 1686 1072 1751 aiebat
1087 1708 1119 1750 se
1135 1685 1346 1750 lubentissime
1358 1707 1461 1748 secum

374 1796 540 1861 ducturum
564 1798 658 1861 fuisse
681 1819 733 1861 vas
756 1798 835 1862 illud
859 1820 995 1863 aureum.

415 1912 509 1994 ott.
551 1911 620 1976 Ἔτι
655 1911 684 1976 tt
718 1912 874 1992 φαίνονται
908 1912 985 1977 οὐδὲν
1019 1913 1136 1976 πώποτε
1158 1912 1368 1992 διενεχθέντες,
1392 1908 1460 1976 ὥστ’

373 2024 446 2095 εἰκὸς
477 2024 527 2088 καὶ
559 2023 622 2104 περὶ
653 2032 708 2088 τῶν
739 2027 902 2106 χρημάτων
931 2028 1032 2091 ταῦτα
1054 2032 1179 2102 γνῶναι,
1204 2026 1253 2090 κα)
1277 2027 1317 2091 τὰ
1341 2026 1394 2101 μὲν
1418 2025 1460 2088 ἕν-

372 2136 440 2204 otas
472 2140 513 2218 τῷ
548 2139 605 2202 υἱεῖ
636 2132 767 2218 ἑκάτερον
802 2148 998 2222 καταλιπεῖν,
1032 2141 1074 2204 τα
1108 2139 1134 2202 δ’
1164 2138 1248 2203 ἄλλα
1271 2142 1340 2218 παρ’
1364 2139 1461 2207 αὑτοῖς

373 2250 469 2331 ἔχειν·
503 2248 535 2326 ἦν
561 2251 621 2332 γὰρ
647 2253 749 2316 Κόνωνι
773 2253 827 2330 μὲν
850 2253 907 2323 υἱὸς
930 2253 959 2316 ἕν
982 2250 1086 2332 Κύκνῳ
1108 2253 1158 2316 καὶ
1181 2252 1271 2328 γυνή,
1296 2250 1460 2333 Νικοφήμῳ

372 2365 401 2430 δὲ
435 2367 509 2442 γυνὴ
544 2365 594 2431 καὶ
628 2365 775 2447 θυγάτηρ,
810 2370 931 2442 ἡγοῦντο
961 2366 991 2430 δὲ
1018 2366 1068 2432 καὶ
1091 2367 1132 2430 τα
1155 2366 1217 2430 ἐκεῖ
1236 2364 1336 2440 δικαίως
1358 2365 1459 2445 σφίσιν

374 2475 446 2544 εἶναι
469 2483 510 2544 cci
533 2477 627 2559 ὥσπερ
649 2479 698 2543 καὶ
721 2480 762 2543 τὰ
785 2478 891 2544 taleida.

421 2592 538 2656 Haereo
570 2593 601 2655 in
630 2592 687 2656 his.
735 2589 837 2655 Habet
861 2590 967 2656 Conon
991 2592 1091 2656 filium
1114 2591 1211 2656 ἐνθάδε
1235 2591 1382 2667 Athenis,
1407 2590 1458 2654 cui

374 2713 489 2790 partem
524 2705 673 2768 bonorum
705 2704 900 2774 καταλείπει,
936 2713 969 2768 ut
1001 2711 1046 2768 est
1076 2706 1108 2768 in
1140 2705 1229 2769 initio
1258 2703 1350 2768 buius
1374 2725 1460 2787 para·

372 2817 481 2902 graphi
488 2843 497 2894 ;
522 2817 663 2901 idemque
687 2816 779 2881 habet
802 2817 834 2880 in
859 2816 960 2901 Cypro
984 2817 1082 2882 filium
1106 2824 1136 2881 et
1160 2838 1295 2910 uxorem.
1329 2815 1459 2880 Habuit·
1539 2892 1541 2896 Α

373 2953 412 2994 ne
443 2952 514 3014 ergo
543 2930 620 2993 duos
643 2929 745 2994 filios?
779 2930 925 2994 Minime:
951 2931 983 2994 in
1007 2938 1189 2994 testamento
1214 2931 1312 3007 enim,
1338 2928 1376 2993 de
1400 2951 1462 3012 quo

372 3045 441 3108 vide
463 3046 503 3129 §b
526 3045 567 3107 40
593 3053 623 3108 et
646 3049 708 3122 tl,
741 3066 804 3109 non
826 3045 887 3108 nisi
910 3045 948 3108 de
973 3066 1035 3108 uno
1058 3045 1121 3108 filio
1148 3066 1246 3108 sermo
1269 3052 1332 3108 eat:
1361 3064 1460 3126 neque

372 3181 450 3222 uxor
483 3158 526 3223 ibi
559 3166 754 3222 memoratur.
802 3159 910 3224 Potuit
942 3180 1014 3222 sane
1046 3159 1128 3236 lieri,
1161 3166 1197 3221 ut
1229 3157 1317 3223 ambo
1345 3157 1460 3222 mortui

373 3281 474 3336 essent
490 3277 560 3334 anto
575 3270 750 3351 Cononem,
768 3273 906 3356 quamvis
923 3271 1029 3356 Lysias
1046 3271 1140 3336 huius
1157 3272 1200 3335 rei
1216 3272 1332 3335 nullam
1350 3269 1458 3334 menti·

372 3407 461 3449 onem
488 3385 595 3462 faciat,
620 3385 673 3448 sed
697 3408 818 3464 vereor,
836 3409 874 3449 ne
891 3385 947 3449 hac
963 3384 1140 3448 defensione
1152 3385 1231 3449 nihil
1244 3385 1457 3469 proficiamus,

372 3499 563 3562 vehementer
587 3499 666 3562 enim
690 3507 830 3564 nostrum
852 3499 954 3562 locum
976 3496 1014 3562 de
1030 3497 1265 3580 interpolatione
1282 3506 1459 3582 suspectum

371 3611 478 3676 habeo.
514 3608 668 3674 Nimirum
692 3612 799 3676 verba:
824 3607 856 3685 ἦν
879 3613 938 3692 γαρ
961 3611 1063 3676 Κόνωνι
1088 3610 1142 3686 μὲν
1165 3611 1222 3680 υἱὸς
1246 3610 1394 3690 butaro
1408 3614 1459 3675 acal

370 3726 461 3806 γυνή,
492 3725 657 3806 Νικοφήμῳ
686 3725 715 3789 δὲ
746 3728 820 3803 yart
849 3724 898 3790 real
921 3721 1051 3806 ινναινρ
1076 3724 1204 3808 pessime
1229 3724 1459 3808 interrumpunt

370 3839 477 3903 seriem
501 3838 666 3915 orationis,
690 3847 721 3902 et
745 3861 815 3924 prae
838 3861 870 3902 se
889 3838 992 3902 ferunt
1007 3838 1138 3922 speciem
1154 3837 1361 3902 annotationis
1378 3837 1452 3901 satis

370 3950 520 4028 insulsae.
549 3951 718 4036 adscriptae
751 3951 921 4026 electore,
947 3959 982 4013 ut
1006 3950 1188 4035 explicaret,
1212 3972 1268 4014 cur
1291 3949 1457 4056 Cononxet

370 4061 580 4148 Nicophemus
604 4061 808 4128 decrevissent
831 4071 947 4148 partem
973 4063 1122 4128 bonorum
1146 4065 1215 4142 παρ’
1230 4064 1342 4134 ἑαυτοῖς
1358 4064 1455 4143 ἔχειν,

369 4177 457 4240 cuius
482 4176 525 4239 rei
548 4197 669 4240 causam
694 4177 852 4260 aliquanto
877 4175 1111 4260 probabiliorem
1133 4175 1197 4260 ipse
1221 4174 1327 4260 Lysias
1351 4176 1455 4238 atatim

369 4289 531 4370 subiungit
538 4316 547 4367 ;
577 4290 647 4372 qui,
672 4289 699 4352 si
723 4312 814 4374 quam
838 4290 967 4353 maxime
990 4289 1082 4353 verba
1104 4299 1245 4374 suspecta
1267 4289 1305 4354 ab
1329 4310 1364 4352 co
1389 4309 1455 4372 pro·

369 4403 449 4468 lecta
471 4409 589 4483 essent,
614 4403 720 4468 saltem
745 4404 914 4488 scripsisset
937 4401 1029 4492 ἕτεραι
1054 4401 1129 4481 υἱός,
1154 4425 1215 4467 non
1231 4403 1275 4467 sic
1290 4400 1371 4466 nude
1384 4401 1453 4466 νὶό.
