3364 5502
663 599 779 645 orario
798 593 887 642 κατι.
1276 579 1316 641 58

227 800 291 842 esse
316 778 500 864 perspicitur
523 801 559 842 ex
583 780 724 864 opposito
748 779 870 848 ἐκείνους
890 776 919 840 δὲ
943 775 1064 857 μεῖζον
1087 776 1232 842 δύνασθαι.
1257 775 1337 840 ΡΨ

226 899 330 955 turum
358 901 465 956 autem
497 891 632 956 medium
665 913 720 976 pro
744 892 865 975 passivo
890 901 1073 974 usurpatum
1097 889 1228 967 nemini,
1253 891 1318 975 opi·

227 1027 299 1081 nor,
335 1005 506 1069 molestiam
540 1007 647 1089 pariet.
696 1003 768 1068 Non
807 1004 919 1067 maiore
953 1003 1111 1067 molimine
1146 1025 1224 1087 opus
1253 1025 1317 1068 esse

227 1117 347 1182 videtur
369 1120 402 1182 in
425 1118 642 1204 sequentibus,
669 1119 723 1182 ubi
746 1117 838 1182 verba
861 1117 894 1181 τθ
917 1117 990 1183 αὐτὸ
1015 1117 1149 1189 τοθντες,Ι
1170 1137 1239 1179 vera
1259 1117 1316 1180 cri·

175 1274 179 1282 -
227 1231 357 1294 ticorum
389 1253 481 1309 crux,
515 1255 577 1297 non
608 1233 710 1296 minus
737 1231 897 1308 undecim,
922 1237 1073 1315 quantum
1097 1232 1177 1307 scio,
1190 1231 1317 1295 coniec-

226 1345 305 1408 turis
336 1354 454 1410 tentata
485 1352 575 1422 sunt,
608 1368 685 1431 quas
709 1344 803 1409 animi
826 1366 934 1409 caussa
959 1345 1090 1429 proferre
1114 1343 1218 1408 lubet:
1244 1353 1318 1408 sunt

226 1464 326 1522 autem
352 1459 426 1523 hae:
450 1459 491 1522 δι’
512 1461 584 1524 αὐτὸ
607 1459 735 1542 τθντες,
759 1466 844 1524 τοῦτοΙ
869 1459 1037 1532 δείσαντες,
1062 1460 1141 1522 τοῦτ’
1166 1458 1239 1522 αὐτὸ
1262 1458 1316 1522 δεθ-

225 1595 346 1653 σαντες,
378 1579 462 1637 τοῦτο
487 1573 712 1651 ὑτοτοτοῦντες,
737 1580 821 1638 τοῦτο
846 1573 981 1653 γνόντες,
1006 1576 1091 1636 τοῦτο
1116 1570 1316 1636 ὑποπτεύσαν-

225 1708 292 1761 τες,
323 1691 591 1766 συκοφαντοῦντες,
622 1687 669 1751 δια
700 1691 784 1750 τοῦτο
816 1685 950 1765 τθντως,
980 1683 1071 1764 τούτῳ
1094 1683 1223 1760 τθντες,
1247 1690 1317 1764 mpr-

226 1781 337 1869 νοῦντες
372 1797 440 1877 πρὸς
474 1801 507 1864 τθ
542 1801 615 1878 αὐτοΙ
626 1849 635 1878 ,
679 1799 850 1872 σπεύδοντες
887 1800 954 1880 τρδς
989 1799 1022 1862 τὸ
1055 1799 1139 1863 αὑτθ.
1194 1797 1317 1861 Iustum

225 1932 387 1974 numerum
422 1912 645 1977 duodenarium
681 1914 802 1998 expleat
840 1936 905 1978 maa
943 1913 1133 1988 coniectura,
1166 1932 1244 1996 quae
1281 1932 1316 1973 eo

226 2023 334 2088 saltem
365 2027 492 2090 caeteris
523 2035 676 2111 praestat,
711 2026 793 2110 quod
825 2027 951 2110 propius
982 2047 1075 2109 quam
1106 2023 1177 2088 illae
1204 2023 1317 2088 codicis

226 2137 337 2202 ductus
360 2140 509 2223 sequitur.
557 2140 675 2225 Nempe
700 2140 831 2204 articulo
854 2139 906 2216 τθ,
932 2139 971 2203 ex'
993 2137 1203 2224 dittographia
1225 2145 1315 2216 nato,

226 2273 241 2313 e
276 2257 362 2316 textu
393 2262 526 2330 remoto,
560 2275 614 2337 pro
646 2254 719 2318 αὐτθ
751 2251 947 2316 scribendum
978 2273 1086 2315 censeo
1117 2253 1245 2328 αὐτίκα,
1280 2259 1317 2315 ut

168 2396 171 2402 ·
224 2361 334 2446 Lysiae
371 2386 478 2427 manus
509 2364 617 2428 fuerit:
650 2363 725 2430 ὥστε
756 2366 894 2430 αὐτίκα
925 2365 1035 2435 τοθντες
1066 2363 1196 2440 ὲμτοδιθν
1228 2366 1315 2440 εἰσιν,

227 2474 277 2538 ε’θν
299 2500 327 2541 τι
352 2476 394 2540 δι’
416 2475 516 2541 ἄλλων
540 2477 652 2556 ἀγαθὸν
678 2479 746 2556 ὑμῖν
768 2481 923 2559 Φαίνηται.

290 2929 436 2994 Ossrlo
461 2930 579 2995 XXVI.
625 2931 709 3012 Περὶ
735 2941 796 3007 τῆς
821 2934 1002 3013 Εὔανδρον
1025 2934 1253 3010 δοκιμασίας.

270 3157 286 3239 ᾧ
313 3159 339 3218 l.
387 3204 483 3220 .....
517 3158 674 3235 ἡγούμενος
704 3160 812 3235 ἀκριβῆ
845 3167 892 3224 νῦν
925 3162 977 3234 την
1008 3159 1182 3234 δοκιμασίαν
1209 3159 1313 3229 αὐτοὺς

225 3270 272 3334 διὰ
302 3271 350 3334 τὸν
379 3271 479 3350 χρόνον
507 3272 690 3354 ποιήσεσθαι,
722 3273 784 3336 ἐπεὶ
818 3273 951 3338 σύνοισθα
975 3273 1148 3337 παλλακαὶ
1172 3271 1250 3336 δειναὶ
1273 3273 1313 3342 εἰς

227 3385 330 3455 αὐτοὺς
362 3382 582 3467 ἐξημαρτηκώς,
615 3381 650 3448 ὦν
679 3387 867 3461 ἐπιλελῆσθαι
891 3385 942 3450 καὶ
966 3388 1022 3451 οὐδ’
1044 3384 1313 3476 ἀναμνησθήσεσθαι

228 3497 311 3567 ἐνίους
342 3499 438 3562 αὐτῶν
468 3498 598 3579 νομθζεις.
641 3499 683 3566 Ὃ
715 3501 749 3574 δὴ
774 3501 870 3578 ἔγωγε
891 3499 941 3563 καὶ
965 3501 1145 3575 ἀγανακτῶ.
1170 3499 1194 3561 εἰ
1218 3498 1314 3579 ταθτη

228 3619 265 3690 τῇ
295 3612 395 3675 ε’λτίδι
419 3614 458 3682 εἰς
483 3614 560 3690 ὑμᾶς
584 3614 643 3689 η’κει
666 3616 823 3692 τιστεθων,
851 3614 945 3694 ὥσπερ
968 3610 1066 3676 ἄλλων
1089 3612 1143 3689 μέν
1167 3635 1248 3676 τινων
1270 3609 1314 3674 θν-

226 3747 282 3787 των
304 3729 360 3787 τῶν
382 3724 570 3809 ἠδικημένων,
594 3727 693 3807 ἑτέρων
715 3727 744 3792 δὲ
765 3733 821 3792 τῶν
839 3734 939 3793 ταῦτα
954 3725 1222 3808 διαψηφιουμένων,
1240 3725 1313 3788 ἀλλ’

227 3839 277 3900 οὐκ
298 3838 457 3918 ἀμφότερα
479 3844 534 3903 τῶν
555 3843 649 3908 αὐτῶν
671 3840 722 3905 καὶ
746 3839 921 3906 τετονθθτων
943 3842 992 3906 καὶ
1016 3838 1221 3916 ἀκουσομένων.

272 3947 381 4034 Neque
412 3952 639 4034 διαψηφίζεσθαι
671 3976 739 4018 cum
773 3956 947 4019 accusativo
970 3953 1083 4018 obiecti
1106 3953 1243 4018 construi
1267 3940 1322 4016 so?

224 4061 283 4139 let,
316 4085 415 4147 neque
447 4066 573 4148 pluralis
596 4072 697 4133 ταῦτα
721 4076 767 4132 est
793 4067 885 4132 huius
909 4068 985 4144 loci,
1010 4090 1080 4131 nam
1104 4089 1166 4131 non
1190 4067 1251 4130 nisi
1274 4065 1312 4129 de

219 4175 367 4240 Evandro
399 4178 556 4263 probando
585 4181 742 4246 iudicibus
767 4182 913 4266 suffragia
935 4182 1060 4246 feranda
1083 4188 1186 4245 erant:
1211 4186 1312 4245 ταῦτα

224 4287 299 4368 adeo
323 4299 501 4375 corruptum
525 4301 587 4376 est,
615 4316 670 4396 prp
694 4316 756 4378 quo
780 4296 902 4378 Lysiam
925 4296 1080 4379 scripsisse
1096 4302 1171 4379 puto
1187 4294 1312 4359 ἐνταῦθα

227 4401 247 4466 i.
273 4424 298 4465 e.
323 4403 371 4466 tro
393 4405 425 4466 νἰι
447 4413 559 4470 senatu.
