3364 5502
352 931 502 996 Ounulo
527 931 633 996 XXII.
679 931 784 996 Κοιτά
807 935 876 994 τῶν
899 934 1122 998 σιτοπωλῶν.

235 1159 253 1241 t
275 1161 305 1222 3.
353 1155 459 1238 Quum
493 1158 582 1222 multi
607 1166 776 1234 senatores,
801 1157 1044 1240 inquinentur,
1069 1154 1145 1218 adeo
1169 1154 1215 1217 ira
1238 1153 1283 1218 iu·

192 1271 273 1336 oeusi
300 1280 402 1334 essent
426 1272 459 1334 in
483 1269 698 1345 dardanarios,
725 1281 759 1334 ut
783 1279 941 1334 censerent
965 1292 1015 1333 eos
1039 1267 1155 1333 indicta
1172 1289 1281 1332 caussa

192 1382 409 1448 undeoimviris
440 1384 604 1448 tradendos
632 1406 713 1460 esse,
746 1406 802 1467 ego
832 1380 975 1448 einander
999 1407 1047 1460 μοι
1071 1383 1159 1457 δοκοίη
1183 1381 1281 1462 κρίνειν

192 1498 257 1568 τοὺς
282 1496 448 1569 σιτοπώλας
470 1497 551 1562 κοιτά
574 1497 622 1562 τὸν
645 1497 746 1574 νόμον,
770 1496 906 1577 νομίζων,
931 1497 955 1561 εί
977 1497 1031 1572 μέν
1053 1497 1122 1561 είσιν
1144 1494 1217 1572 attia
1232 1495 1282 1558 ίοι-

195 1610 282 1676 νάτου
305 1611 506 1691 είρροισριένοι.
532 1613 610 1688 ὑμᾶς
628 1611 708 1675 οὐδὲν
732 1609 817 1686 ήττσν
839 1613 918 1687 ήμῶν
941 1610 1099 1686 ρυιίσεσίοιι
1112 1609 1282 1683 τάδίκοιιοι,

195 1725 220 1789 εί
242 1725 273 1788 δὲ
295 1725 383 1801 μηδὲν
405 1725 566 1800 ἀδικοῦσιν,
588 1727 619 1792 οὐ
642 1725 699 1794 δεῖν
722 1725 828 1797 οιάτοὺς
850 1725 982 1802 ἀκρίτους
1001 1724 1194 1789 ἀπολωλέναι.
1218 1733 1284 1787 Πει-

196 1837 309 1912 σίείσηρ
336 1837 365 1900 δὲ
392 1846 445 1912 πής
467 1838 577 1914 βουλής
599 1843 717 1913 τοῦτον,
741 1837 915 1914 διωβάλλειν
937 1837 1103 1916 ἐπεχείρουν
1125 1861 1165 1912 με
1187 1835 1288 1912 λίνον-

197 1974 246 2022 τες
270 1953 307 2023 ἀς
331 1951 389 2026 ἐγὼ
412 1951 553 2030 σωτηρίως
576 1947 661 2014 ἕνεκοο
683 1959 737 2024 τής
760 1956 815 2014 τῶν
837 1955 1003 2014 σιτοπωλῶν
1025 1950 1092 2020 τοὺς
1108 1949 1287 2026 λίνουςποιί-

196 2087 261 2136 τους
295 2064 458 2141 ἐποιούμην.
503 2063 576 2143 Πρὸς
611 2063 664 2139 μὲν
697 2060 744 2128 οὖν
778 2065 830 2138 τήν
864 2063 989 2140 βουλήν,
1025 2059 1067 2127 ἀπ’
1094 2057 1126 2137 ήν
1149 2065 1247 2132 οιάτοίς
1272 2066 1288 2138 ή

200 2177 307 2258 κρίσις,
339 2174 413 2256 ἔργἰρ
442 2175 697 2253 ἀπελογησάμην·
722 2181 778 2240 τῶν
800 2175 860 2253 γάρ
882 2174 982 2240 ἀλλων
1006 2177 1133 2254 ήσυχίων
1155 2175 1291 2252 ἀρίντων

197 2289 331 2356 ἀνοοστάι
363 2291 458 2353 οιάτῶν
480 2287 674 2369 κοιτηρίρουν,
698 2288 747 2352 κοιί
772 2294 846 2352 πάσι
869 2289 991 2370 Φωνερὸν
1014 2288 1136 2363 ε’ποίησοι
1160 2287 1202 2353 ὅτι
1225 2291 1284 2368 οὐχ

202 2403 270 2481 ὑπὲρ
293 2401 399 2466 τούτων
423 2401 541 2479 ἔλεγον,
565 2402 650 2465 ἀλλά
672 2408 731 2473 τοῖς
755 2401 849 2478 νίμσις
872 2408 931 2472 τοῖς
955 2401 1091 2478 κειμένοις
1114 2401 1255 2478 ἐβοήθουν.

242 2514 353 2578 Verbis
377 2516 445 2594 πρὸς
468 2515 522 2592 μὲν
544 2510 590 2580 οὖν
611 2517 663 2590 τήν
686 2515 795 2592 βουλήν
810 2513 884 2596 tna
898 2512 1148 2590 destamentum,
1167 2537 1202 2578 ex
1219 2516 1285 2598 qni-

200 2627 259 2692 bus
284 2629 332 2691 vix
356 2627 546 2692 tolerabilem
569 2629 751 2692 sententiam
775 2627 892 2706 elicias,
917 2649 992 2691 suus
1016 2627 1098 2690 nitor
1121 2627 1285 2703 reddetur,

150 2788 153 2796 ·
198 2743 231 2808 ui
248 2732 358 2820 fallor,
384 2743 410 2806 si
435 2764 553 2807 meeum
577 2742 765 2827 reposueris:
790 2743 858 2823 πρὸς
881 2743 935 2820 μὲν
958 2738 1005 2806 οὖν
1028 2742 1080 2816 τήν
1103 2742 1252 2818 διοιβολήν.

246 2858 264 2941 t
289 2859 319 2920 ὅ.
366 2855 404 2920 In
433 2858 585 2936 ἐρωτήσει,
617 2878 697 2941 quae
727 2877 799 2920 mox
828 2856 985 2940 sequitur:
1021 2853 1078 2920 Καὶ
1102 2860 1209 2935 πρῶτον
1234 2855 1288 2931 μὲν

200 2970 326 3046 ἀνάβηίι
356 2970 405 3034 κοιί
432 2970 496 3035 είπέ
519 2971 555 3034 σὺ
577 2971 659 3052 ἐμοί,
684 2970 814 3046 μέτοικος
837 2965 867 3033 εί
871 2994 880 3046 3
906 2969 979 3033 Νοιί.
1014 2975 1167 3039 Μετοικεῖς
1190 2968 1219 3031 δὲ
1242 2968 1292 3034 πί·

118 3160 120 3165 Ι
198 3105 281 3161 τερον
304 3085 341 3153 ὡς
365 3081 532 3156 πεισόμενοι
556 3089 615 3154 τοῖς
638 3083 731 3159 νόμοις
754 3090 807 3156 τῆς
829 3081 957 3158 πόλεως,
982 3083 997 3156 ή
1019 3083 1057 3151 ὡς
1081 3082 1205 3155 ποιήσων
1229 3078 1289 3146 ὅτι

201 3194 238 3260 ἀν
262 3195 356 3273 βούλη
363 3220 372 3272 3
396 3197 456 3266 Ὡς
480 3195 664 3271 πεισόμενος·
692 3195 787 3260 eodex
810 3195 969 3258 Palatinus
992 3216 1053 3258 uon
1078 3195 1217 3278 agnoseit
1239 3195 1296 3260 κοοί

203 3315 273 3372 ante
296 3309 359 3372 είπὲ
381 3309 418 3372 σὺ
439 3307 520 3386 ε’μοί,
545 3307 628 3372 unde
641 3297 729 3372 'mihi
751 3308 884 3392 suspicio
909 3307 1017 3372 oborta
1041 3315 1103 3398 est,
1120 3330 1194 3372 uum
1212 3317 1294 3372 recte

204 3421 335 3486 editores
361 3421 440 3484 hano
463 3422 708 3486 coniunctionem
726 3421 758 3485 in
774 3429 893 3486 textum
909 3420 1145 3486 introduxerint.
1173 3420 1291 3484 Eodem

203 3542 284 3600 oerte
308 3535 393 3612 iure,
417 3557 479 3619 quo
502 3535 548 3599 illi
572 3535 673 3600 locum
698 3557 753 3620 pro
776 3535 881 3600 hiuloo
905 3534 1036 3612 habent,
1061 3535 1205 3599 statueris
1231 3534 1294 3599 εἰπὲ

206 3670 271 3712 esse
302 3657 485 3712 annotatum
516 3671 534 3712 a
565 3648 677 3714 lectore
707 3649 745 3713 ad
768 3649 894 3727 ἀνάβηίι
917 3657 948 3713 et
969 3647 1093 3733 Lysiam
1118 3647 1292 3732 scripsisse:

199 3761 250 3826 κιιί
284 3768 392 3840 πρῶτον
415 3763 468 3840 μὲν
488 3763 615 3840 ἀνάβηίι
638 3765 675 3827 σὺ
699 3764 782 3841 ἐμοί,
807 3763 854 3827 vel
877 3764 980 3848 potius
1003 3764 1040 3828 ου’
1063 3786 1111 3839 μοι
1135 3761 1292 3839 enclitioe,

201 3896 298 3958 quum
333 3874 420 3939 nulla
447 3875 598 3960 emphasis
622 3876 655 3938 in
678 3875 807 3940 alterum
831 3897 998 3960 pronomen
1022 3876 1120 3940 cadat.
1167 3873 1199 3938 Si
1222 3875 1292 3959 quis

205 3989 306 4052 locum
330 3989 419 4052 malit
443 3988 645 4073 interpolare,
671 3989 829 4074 aliquanto
852 3989 1022 4073 elegantius
1046 3990 1090 4053 sio
1110 3990 1291 4073 interpolet:

199 4102 248 4167 κιοί
273 4107 382 4180 πρῶτον
404 4103 458 4178 μὲν
480 4102 606 4179 ἀνάβηίι
630 4103 667 4168 σιί
689 4127 737 4180 μοι
761 4103 811 4168 κοιί
832 4102 993 4182 ἀπίκρινοιι.
1026 4102 1166 4174 Μίτοιιιος
1185 4099 1231 4180 είς
1256 4109 1293 4168 ut

203 4216 236 4280 in
260 4214 347 4279 Orat.
374 4214 457 4294 XII,
481 4217 498 4300 d
521 4219 574 4280 at.
1310 4205 1315 4214 ⁵

248 4327 322 4412 Mox
352 4329 509 4412 sequitur:
542 4329 692 4409 ἀπίκρινοιι
724 4330 758 4404 δή
780 4353 846 4406 μοι,
871 4331 895 4394 ει’
919 4332 1071 4408 ὁμολογεῖς
1095 4331 1187 4394 πλείω
1209 4337 1291 4398 σῖτον

203 4444 402 4524 συμπρίοισίικι
431 4443 612 4518 πεντήκονποι
640 4449 775 4525 Φθίμῶί.
806 4439 843 4507 ὧν
873 4446 886 4510 ὅ
915 4443 997 4521 κίρκος
1028 4443 1133 4519 ἐξεῖναι
1164 4444 1288 4518 κελεύει.
