3364 5502
685 590 799 634 orario
821 589 893 633 xm.
1288 561 1329 624 29

248 777 412 853 oeperunt,
433 739 641 834 Franckenius
658 767 794 832 restituit
807 765 973 841 ατοὶγοντ·
989 771 1019 828 et
1035 763 1164 826 alterum
1180 763 1248 826 τότε
1264 761 1331 823 loco

248 881 339 945 cessit
357 883 485 946 articulo
506 883 541 948 τό
559 883 707 945 suadente
727 879 867 954 Reiskic,
890 899 959 941 nam
972 877 1055 962 quod
1069 877 1121 939 alii
1134 877 1331 939 coniecerunt

247 994 281 1059 τό
298 1018 336 1071 γε
360 997 459 1058 minus
485 996 614 1081 probum
630 995 765 1068 videtur,
784 1014 880 1077 quum
896 1009 985 1054 nemo
1001 988 1089 1052 facile
1106 989 1234 1063 dixerit,
1252 985 1328 1070 quid

248 1108 285 1183 ys
308 1107 338 1170 h.
364 1108 384 1171 l.
409 1107 468 1172 sibi
491 1108 575 1172 velit.
602 1141 604 1146 ·
623 1107 764 1189 Denique
788 1126 824 1167 ex
848 1103 947 1166 verbis
970 1103 1077 1164 laceris
1101 1100 1333 1177 τοτεκαιδιισχιι-

248 1219 381 1300 ριζοαενοι
413 1220 505 1284 elicui
535 1222 574 1300 τῷ
606 1221 635 1284 δὲ
658 1219 755 1298 δικαίῳ
782 1215 1007 1296 ἰσχυριζόμενοι,
1032 1213 1114 1298 quod
1139 1234 1221 1275 nunc
1244 1204 1331 1272 video

249 1333 339 1395 etiam
363 1333 571 1416 Frohbergero
594 1333 626 1395 in
650 1339 783 1394 mentem
806 1330 940 1404 venisse,
967 1328 1021 1411 qui
1037 1336 1137 1389 tamen
1154 1323 1336 1388 malcomit·

249 1443 289 1507 tit
311 1444 340 1509 δέ
364 1453 393 1508 et
417 1446 518 1508 locum
543 1445 630 1508 aliter
653 1443 784 1527 explicat
812 1452 902 1525 atque
927 1463 944 1503 a
967 1463 1015 1504 me
1038 1440 1152 1502 factum
1177 1447 1233 1500 est.
1263 1437 1334 1498 Dio-

248 1558 353 1640 nysius
380 1579 487 1641 nempe
519 1565 642 1643 propter
669 1575 792 1632 causas,
818 1577 893 1639 quas
917 1553 985 1617 vide
1009 1553 1089 1637 apud
1115 1551 1330 1615 Rauchenstei·

152 1683 154 1688 '
248 1670 333 1733 nium
374 1671 406 1734 in
436 1672 634 1756 praefatione
669 1671 741 1733 huic
777 1669 907 1732 orationi
943 1669 1124 1753 praemissa,
1160 1665 1334 1729 decreverat

249 1782 417 1864 Agoratum
449 1793 485 1845 ut
516 1783 700 1845 homicidam
733 1781 927 1844 manifestum
958 1778 1090 1855 οξτοὶγειν
1117 1777 1155 1841 ad
1179 1778 1335 1841 undecim·

248 1894 344 1956 riros:
369 1893 489 1958 videtur
513 1906 615 1957 autem
639 1895 728 1957 initio
754 1895 810 1957 hoc
833 1894 939 1956 iecisse
964 1913 1025 1956 non
1050 1891 1154 1955 addito
1178 1891 1209 1953 in
1226 1890 1329 1953 libello

248 2008 450 2084 accusatorio,
475 2029 545 2070 eum
568 2009 614 2071 ἐτ’
632 2007 788 2089 αὐτοφώρῳ
804 2006 1027 2090 deprehensum
1045 2027 1123 2080 esse,
1143 2025 1238 2087 quum
1253 2003 1332 2064 viros

248 2118 318 2190 illos
342 2118 419 2183 bene
438 2121 561 2183 meritos
578 2122 615 2184 de
632 2120 789 2205 republica
805 2121 1008 2194 interficeret,
1025 2117 1108 2202 quod
1125 2117 1332 2180 demonstrare

250 2253 321 2294 sane
349 2254 441 2316 quam
469 2232 591 2296 difficile
615 2233 710 2296 actori
733 2233 872 2295 futurum
896 2241 977 2295 erat:
1003 2230 1086 2314 quod
1109 2251 1205 2313 quum
1230 2229 1331 2290 minus

250 2343 425 2429 procederet
442 2351 472 2407 et
489 2345 689 2407 undecimviri
705 2353 793 2407 caute
809 2353 971 2427 negassent
987 2366 1018 2407 se
1035 2344 1182 2407 actionem
1196 2348 1332 2424 receptu·

247 2479 296 2520 ros
320 2479 401 2533 esse,
426 2457 486 2520 uisi
509 2457 586 2520 iliud
610 2456 656 2520 ἔτ’
681 2457 837 2537 αὐτοφώρῳ
862 2456 1095 2521 addidisset-
1118 2456 1335 2519 hocenimest

246 2569 462 2650 ἀναγκάζοντες
489 2570 734 2649 προσγράψασθαι
764 2607 809 2618 -
837 2569 1036 2634 nihilominus
1061 2591 1122 2632 non
1150 2568 1268 2632 destitit
1294 2567 1331 2632 ab

246 2682 302 2746 hac
324 2683 522 2746 accusationis
545 2683 658 2758 forma,
676 2681 728 2746 sed
745 2682 865 2746 addidit
881 2682 964 2766 quod
984 2683 1028 2747 illi
1051 2683 1211 2746 iusserant.
1249 2680 1333 2760 Quid

246 2796 356 2858 mirum
380 2806 499 2873 autem,
524 2796 550 2858 si
573 2798 727 2878 Aguratus
750 2796 830 2860 hanc
852 2817 916 2859 rem
934 2797 1019 2860 avide
1037 2803 1212 2880 arrepturus
1229 2801 1326 2871 esset,

248 2930 309 2971 non
340 2916 461 2972 tantum
492 2916 527 2972 ut
558 2908 672 2972 diceret
695 2909 732 2972 ad
765 2931 796 2972 se
824 2931 887 2972 non
911 2910 1062 2993 pert-inere
1086 2909 1328 2985 accusationem,

248 3042 280 3084 se
314 3022 394 3085 enim
424 3043 487 3085 uon
518 3021 550 3084 in
577 3020 735 3084 manifesto
759 3021 892 3086 facinore
915 3021 1140 3106 deprehensum
1165 3025 1248 3098 esse,
1280 3021 1333 3085 sed

249 3133 341 3196 etiam
362 3140 398 3195 ut
420 3133 575 3198 iudicibus
599 3134 789 3211 ostenderet,
814 3157 852 3198 nc
874 3135 975 3218 ipsum
999 3135 1124 3218 quidem
1150 3135 1331 3219 Dionysium

249 3245 421 3309 existimare
452 3254 532 3310 recte
564 3269 627 3310 sese
659 3247 854 3331 adscripsisse
877 3247 956 3311 illud
978 3247 1025 3312 ἐτ’
1049 3249 1223 3331 αὐτοφώρῳ,
1247 3248 1330 3333 quod

247 3366 371 3422 coactus
395 3359 518 3423 demum
543 3360 580 3425 ab
606 3361 822 3426 undecimviris
843 3360 1019 3426 addidisset.
1051 3361 1193 3446 Optime,
1207 3364 1331 3447 opinor,

247 3471 312 3554 ipse
335 3471 443 3554 Lysias
467 3473 578 3550 sensit,
604 3495 695 3556 quam
718 3474 839 3537 infirma
862 3483 940 3539 esset
964 3496 1072 3540 caussa
1094 3478 1204 3540 actoris
1221 3477 1258 3540 ab
1276 3478 1331 3540 hac

246 3591 350 3667 parte,
387 3585 490 3666 itaque
525 3586 575 3648 vix
610 3593 744 3650 extrema
778 3589 915 3650 oratioue
950 3590 1062 3672 raptim
1095 3595 1217 3653 tantum
1247 3598 1277 3652 et
1299 3590 1332 3652 in

247 3702 425 3760 transcursu
460 3697 538 3760 illud
569 3701 617 3763 ἐτ’
648 3700 805 3780 αὐτοφώρῳ
835 3701 936 3786 tangit
967 3709 997 3766 et
1027 3710 1151 3766 excusat
1175 3721 1333 3786 argumen-

247 3809 304 3885 tis,
342 3831 420 3892 quae
454 3830 537 3872 nunc
552 3824 555 3830 ’
571 3811 665 3874 risum
700 3819 833 3876 movent.
889 3813 981 3893 Quod
1019 3814 1185 3898 Dionysius
1209 3821 1332 3878 coactus

246 3920 368 3984 demum
403 3922 522 3986 addidit
555 3922 608 3985 illa
643 3923 750 4001 verba,
786 3925 943 3991 concedit:
979 3950 1054 3992 non·
1068 3929 1222 4006 concedit,
1262 3928 1331 3992 hinc

246 4032 452 4118 colligendum
486 4057 566 4112 esse,
602 4058 640 4100 ne
674 4035 775 4120 ipsum
809 4037 934 4121 quidem
969 4041 1158 4119 existimare,
1195 4063 1226 4105 se
1257 4041 1325 4103 iure

248 4147 417 4230 Agoratum
453 4147 492 4210 ad
528 4148 751 4212 undecimviros
786 4153 941 4234 rapuisse,
981 4155 1029 4218 vel
1068 4155 1169 4238 potius
1203 4155 1240 4218 de
1273 4154 1329 4218 hac

245 4279 277 4322 re
312 4259 397 4324 silet:
434 4267 540 4325 contra
569 4261 676 4328 laudat
707 4262 947 4344 undecimviros,
979 4269 1033 4350 qui
1056 4269 1240 4352 Dionysium
1263 4289 1330 4333 coe·

245 4371 345 4456 gerint
376 4372 434 4436 hoc
465 4373 578 4452 facere,
610 4397 714 4438 revera
748 4377 830 4441 enim
866 4381 1036 4464 Agoratum
1071 4381 1132 4445 dici
1166 4403 1254 4466 posse
1288 4382 1328 4446 ci·
