3364 5502
674 624 788 670 omrro
810 625 860 670 nr.
1269 596 1308 675 1'1

220 799 312 864 modo
335 801 410 866 tales
434 802 705 866 annotatiunoulae
727 802 760 865 in
784 804 952 887 marginem
974 805 1160 890 relegentur.
1197 808 1312 874 Assen-

220 913 298 977 titur
321 917 396 980 mihi
420 915 626 979 Franckenius
649 916 681 978 in
705 915 1020 982 Commentationibus
1041 917 1178 1003 Lysiaois
1201 943 1230 1004 p.
1252 924 1305 985 36.

216 1026 306 1092 ¹Idem
326 1028 479 1112 probavit,
497 1028 579 1111 quod
599 1027 767 1092 deleveram
784 1025 816 1103 ἦν
833 1031 857 1093 εἰ
875 1029 907 1092 in
919 1031 936 1114 t
948 1033 989 1094 38
1005 1033 1069 1115 (†)‚
1089 1032 1143 1096 ubi
1154 1032 1186 1096 in
1199 1032 1306 1098 codiee
1370 1103 1374 1109 ,

219 1142 350 1226 legitur:
371 1143 412 1205 Τι’
433 1142 459 1205 δ’
471 1139 507 1205 οἶν
530 1165 601 1206 ποτε
624 1140 746 1218 ramat,
766 1145 791 1205 ri
807 1143 951 1207 τοὶνωντίοι
966 1151 1021 1208 τῶν
1037 1151 1085 1209 νῦν
1101 1147 1303 1222 γεγενημένων

219 1249 268 1329 ἦν,
300 1256 324 1320 εἰ
355 1257 479 1328 πολλοὺς
509 1253 586 1335 ἔχων
608 1260 664 1319 τῶν
684 1256 850 1330 ἐπιτηδείων
872 1257 948 1332 ε’γῶ,
972 1258 1148 1332 οὲπωντὴσως
1170 1262 1306 1338 Σίμωνι,

221 1369 381 1449 ε’μωχόμην
412 1371 492 1449 οιύτῷ
518 1368 568 1433 κυνὶ
591 1369 714 1434 ἔτυπτον
737 1368 824 1434 ωὐτὸν
847 1369 896 1432 sal
920 1370 1030 1435 ἐδίωκον
1052 1373 1101 1435 κω)
1125 1374 1309 1449 κοιτωλωβὼν

220 1482 305 1559 ἄγειν
336 1480 392 1564 βίοι
422 1481 547 1562 ἐζήτουν.
595 1482 711 1546 Delatis
737 1482 817 1546 enim
842 1480 873 1558 ἦν
896 1485 920 1547 εἰ
944 1484 1113 1548 restitueris
1138 1485 1306 1571 elegantem

184 1619 187 1624 ·
225 1595 436 1672 Atticismum,
464 1617 555 1679 quem
581 1595 698 1659 librarii
731 1596 795 1659 suis
817 1595 1032 1660 additamentis
1056 1597 1307 1663 obliteraverunt.

221 1707 267 1772 Of.
293 1708 372 1772 Xen.
402 1710 507 1773 Comm.
526 1708 558 1785 I,
574 1711 593 1770 2
603 1758 612 1787 ,
629 1711 688 1772 60:
711 1709 795 1773 ἄλλοι
812 1709 967 1788 Σωκράτης
983 1734 1022 1786 γε
1037 1712 1182 1776 τοὶνωντίω
1200 1711 1307 1776 τούτων

222 1822 344 1902 Φωνερὸς
377 1819 408 1897 ἦν
439 1821 488 1885 κω)
520 1822 670 1900 δημοτικὸς
701 1821 747 1886 acui
779 1820 979 1904 φιλάνθρωπος
1006 1823 1051 1887 ὤν.
1099 1823 1204 1888 Minus
1228 1831 1309 1890 reete

223 1934 359 1998 Gobetus
384 1933 481 1998 edidit
503 1934 675 2012 γεγενημέν’
700 1933 731 2010 ἦν
754 1935 804 1999 aar
828 1936 964 2001 πολλούς.
999 1935 1131 2013 Iisdem,
1156 1937 1190 2001 ni
1210 1937 1309 2014 fallor,

223 2047 352 2113 debetur
383 2047 470 2113 τοῦτον
503 2060 571 2133 post
601 2047 739 2123 ἔτυπτον,
770 2047 853 2133 quod
884 2047 1023 2111 additum
1054 2050 1154 2113 estin
1177 2051 1307 2134 gratiam

222 2184 344 2240 eorum,
378 2162 432 2244 qui
459 2160 588 2226 docendi
615 2169 701 2226 erant
732 2183 768 2224 ex
794 2161 988 2246 praecedenti
1016 2164 1095 2243 αὐτῷ
1121 2163 1306 2247 cogitatione

222 2274 429 2359 supplendum
460 2297 523 2338 esse
554 2278 592 2339 οὐ
613 2275 651 2339 δν.
699 2275 813 2338 Mirum
837 2275 920 2357 quod
943 2274 1025 2339 idem
1048 2297 1110 2338 nou
1133 2276 1307 2340 intorserint

222 2397 292 2472 post
315 2389 425 2452 εἳίωκον
448 2395 478 2451 et
500 2387 694 2463 κωτωλωβών.
729 2386 831 2466 Quam
855 2409 965 2471 parum
989 2389 1064 2452 scite
1084 2389 1234 2452 antemio
1251 2389 1306 2453 tali

220 2500 445 2565 enumeratione
469 2521 635 2585 pronomen
659 2501 803 2576 iteretur,
828 2500 1040 2585 unusquisque
1063 2501 1155 2566 ridet.

265 2617 282 2700 d
306 2618 347 2678 39
371 2617 422 2698 (η).
469 2616 483 2677 d
512 2615 571 2694 γοὶρ
601 2613 741 2687 dicuntsic
771 2613 820 2677 κω)
848 2614 1062 2689 ἐπιβουλευθεὶς
1086 2614 1137 2678 ὑπ)
1160 2617 1250 2691 ἐμοῦ,
1274 2615 1309 2688 ὥς

221 2733 327 2807 Φησιν,
351 2730 401 2792 οὐκ
424 2729 570 2806 ἐτόλμησε
584 2725 730 2806 τεττάρων
751 2729 819 2791 ἑτῶν
839 2729 1058 2806 ἐπισκήψασθαι
1078 2729 1118 2800 εἷς
1140 2729 1236 2805 ὑμᾶς.
1259 2729 1309 2792 xxi

221 2843 245 2908 oi
275 2842 329 2918 μὲν
357 2839 460 2918 ἄλλοι,
492 2840 562 2906 ὅτων
593 2843 671 2921 ε’ρῶσι
700 2840 749 2906 aul
771 2841 987 2917 ἀποστερῶντοιι
1011 2838 1047 2904 ὧν
1070 2842 1235 2918 ἐπιθυμοῦσι
1259 2841 1308 2906 aui

222 2962 421 3036 συγκοπῶσιν,
445 2954 617 3036 ὀργιζόμενοι
637 2962 826 3036 πωρωχρῆμοι
849 2956 1032 3034 τιμωρεῖσθαι
1056 2953 1187 3034 ζητοῦσιν
1194 3003 1203 3038 ,
1227 2951 1309 3026 οὗτος

222 3067 251 3132 δὲ
273 3068 384 3149 χρόνοις
407 3066 530 3148 ὕστερον.

266 3180 342 3245 Loei
373 3179 523 3244 sententia
550 3179 685 3263 flagitat,
717 3184 755 3242 ut
782 3179 835 3244 κου’
841 3202 898 3244 τοι
922 3180 945 3244 οἱ
969 3178 1090 3263 legatur
1113 3199 1168 3263 pro
1191 3179 1241 3244 κωὶ
1264 3180 1306 3260 οἱ,

221 3289 253 3358 in
287 3292 369 3377 quod
402 3292 480 3356 illud
503 3292 621 3377 vulgari
643 3292 835 3357 librariorum
860 3313 960 3355 errore
983 3291 1068 3356 abiit.
1114 3291 1153 3355 In
1181 3313 1308 3376 sequen·

221 3408 305 3473 tibus
327 3407 416 3472 facile
438 3428 574 3470 caremus
598 3406 696 3470 verbis
717 3407 795 3485 ἐρῶσι
816 3407 875 3468 κου’.

266 3523 348 3606 §42
373 3522 425 3605 (η).
472 3520 543 3585 ἀλλ’
566 3519 622 3586 ὅσοι
646 3517 906 3596 ἐπιβουλεύσαντες
929 3515 1103 3582 κποκτεῒνοιί
1124 3539 1204 3588 τινως
1224 3514 1307 3596 ἔτρω-

220 3657 277 3698 σοιν
301 3635 383 3716 (oum
407 3632 530 3697 Nabero
554 3633 698 3696 intersere
721 3631 803 3713 μέν),
823 3631 993 3695 οέποκτεῖνωι
1013 3628 1038 3692 δ’
1048 3631 1099 3693 οὐκ
1114 3628 1306 3705 ἠδυνήθησαν,

221 3749 286 3827 περὶ
316 3755 372 3812 τῶν
400 3747 531 3812 τοιούτων
561 3746 617 3817 τὰς
640 3745 779 3826 τιμωριοις
805 3742 876 3810 οὕτω
903 3743 1046 3820 μεγοὶλοις
1069 3743 1305 3820 κοιτεστνὶσοιντο,

221 3861 388 3938 ἡγούμενοι,
420 3860 488 3939 ὑπὲρ
520 3854 556 3922 ὦν
584 3859 763 3935 ἔβούλευσοον
785 3857 834 3922 κοιὶ
857 3858 1081 3938 προύνοήθησοιν,
1110 3854 1178 3934 ὑπὲρ
1201 3855 1308 3920 τούτων

221 3976 370 4055 προσήκειν
390 3975 489 4044 αὐτοῖς
513 3972 590 4046 δίκην
612 3970 716 4036 δοῦνοοι.
1168 4065 1170 4070 Ι

268 4088 373 4152 Malim
400 4085 649 4163 ἕπεβούνιευοων,
675 4082 759 4167 quod
782 4083 814 4146 in
838 4082 895 4145 hae
918 4103 950 4145 re
970 4081 1105 4144 solemne
1126 4079 1309 4145 vocabulum

224 4209 280 4266 est.
305 4199 352 4264 Of.
377 4222 403 4263 e.
427 4223 457 4284 g.
483 4200 561 4264 hane
585 4196 752 4261 orationem
773 4195 908 4280 passim,
922 4187 1111 4278 'praesertim
1134 4195 1151 4277 t
1172 4196 1231 4271 29;
1256 4190 1310 4256 Or.

221 4314 279 4392 IV,
303 4317 320 4399 t
344 4317 384 4378 10
410 4323 441 4377 et
464 4311 623 4376 Demosth.
648 4334 677 4395 p.
704 4311 801 4374 1018.
