3364 5502
350 609 392 669 32
793 621 907 666 ouumo
930 621 995 669 xrv.
1039 597 1041 602 ’

351 809 405 882 „et
428 825 480 866 vos
503 802 535 865 in
559 801 615 864 hac
640 821 731 866 causa
753 822 814 864 non
838 807 959 864 tanturn
981 799 1115 876 iudices,
1141 797 1191 860 sed
1210 796 1433 880 quodammodo

351 919 463 995 „etiam
488 914 675 998 legislatores
700 913 805 976 estis.''
851 910 945 990 Quod
969 912 994 976 si
1017 933 1140 988 verum,
1159 933 1220 974 non
1237 919 1337 994 potest
1350 910 1433 988 fieri,

350 1038 384 1093 ut
417 1037 517 1094 orator
547 1026 701 1111 scripserit
724 1025 807 1109 quod
830 1047 913 1088 nunc
936 1025 968 1087 in
993 1023 1179 1088 editionibus
1203 1023 1427 1087 circumfertur.

350 1144 485 1209 Primum
503 1143 615 1207 alicubi
632 1151 701 1207 ante
718 1137 738 1204 ὦ
753 1138 850 1221 ἄνδρες
867 1140 1004 1204 δικασταό
1023 1139 1189 1222 requiritur
1205 1139 1302 1215 ὑμαςς
1319 1136 1429 1202 deinde

349 1258 448 1324 deleto
472 1264 617 1320 commate
641 1262 710 1338 post
733 1254 948 1333 ἕποινσοόμεόα,
974 1257 1081 1330 πρῶτον
1106 1250 1285 1314 mutandum
1310 1250 1341 1312 in
1358 1250 1430 1329 apd*

348 1396 431 1443 τους,
446 1378 547 1434 orator
571 1369 650 1432 enim
673 1389 735 1430 nou
760 1366 827 1429 vult
849 1365 965 1444 dicere,
993 1386 1043 1428 eos
1067 1386 1149 1426 nunc
1165 1363 1296 1444 ρτόοοιυοα
1315 1362 1431 1425 iudices

348 1486 450 1550 sedere
481 1485 513 1547 in
544 1504 635 1546 causa
665 1480 862 1560 οδστροοτεόοος,
895 1479 982 1562 quasi
1010 1485 1114 1561 postea
1137 1477 1246 1539 iterum
1271 1476 1303 1538 in
1327 1474 1430 1538 eadem

348 1621 439 1664 causa
460 1595 625 1661 iudicaturi
648 1601 765 1670 essent,
790 1591 843 1656 sed
866 1613 916 1654 eos
937 1592 1048 1671 primos
1071 1611 1151 1664 esse,
1170 1588 1222 1671 qui
1240 1594 1310 1670 post
1326 1609 1429 1671 pacem

348 1734 418 1775 oum
451 1707 699 1774 Lacedaemoniis
734 1705 947 1788 compositam,
984 1703 1004 1765 i.
1039 1724 1064 1766 e.
1098 1709 1168 1784 post
1191 1700 1351 1764 Euclidem
1377 1702 1430 1762 Ar·

347 1827 506 1900 montem,
542 1822 580 1886 de
615 1821 671 1884 bac
705 1841 740 1898 re
768 1818 901 1882 sedeant.
948 1815 1088 1898 Denique
1120 1815 1151 1877 in
1182 1813 1298 1877 ultimis
1322 1814 1426 1884 αὐτοὺς

347 1940 478 2018 γενέσθαι
496 1943 673 2018 corruptum
690 1955 752 1996 esse
768 1932 827 1996 iam
843 1930 998 1993 Dobraeus
1010 1936 1040 1991 et
1052 1927 1258 1990 Franckenius
1271 1947 1427 2010 perspexe-

346 2061 436 2128 runt,
461 2073 498 2114 ex
521 2070 651 2132 quorum
675 2045 856 2110 coniecturis
880 2043 1009 2106 maxime
1032 2040 1145 2104 arridet
1167 2039 1276 2103 ultima
1293 2039 1425 2103 Dobraei

347 2169 428 2250 (nam
452 2186 513 2228 non
536 2162 637 2225 miuus
661 2180 752 2242 quam
775 2165 907 2242 quatuor
923 2178 959 2219 ex
977 2155 1042 2218 eius
1060 2153 1179 2216 schedis
1196 2152 1332 2236 prolatae
1345 2153 1428 2234 sunt)

347 2280 476 2365 legentis
499 2277 582 2348 τοὺς
605 2275 708 2344 αὐτοὺς
728 2271 870 2349 γενέσθαι.
902 2268 1003 2333 Locus
1019 2268 1114 2352 igitur
1125 2267 1251 2330 fortasse
1263 2265 1306 2328 sic
1319 2264 1429 2329 consti-

347 2393 480 2458 tuendus
511 2399 573 2455 est:
609 2388 682 2459 εἰκός
712 2388 803 2451 τοίνυν
837 2383 915 2448 ε’στὶν
951 2383 1060 2459 ὑμᾶς,
1096 2375 1117 2444 ὦ
1152 2378 1248 2459 ἄνδρες
1273 2377 1426 2458 δικασταί,

346 2508 378 2585 ἒξ
400 2506 432 2574 οὗ
455 2508 506 2580 τὴν
529 2505 633 2584 εἰρήνην
658 2498 854 2574 ε’ποινσοὶμεόοι
878 2497 1034 2578 πρώτους
1050 2493 1112 2574 περὶ
1128 2493 1254 2568 τούτων,
1272 2488 1427 2573 quimodo

346 2625 378 2688 in
401 2621 467 2705 lege
491 2614 716 2684 commemorati
740 2619 829 2687 sunt,
855 2610 909 2674 vuol
927 2606 1110 2688 δικάζοντας,
1129 2608 1170 2682 μδ
1187 2604 1270 2680 μόνον
1286 2603 1427 2672 δικαστὰς

345 2737 430 2804 uland
452 2735 502 2799 καὶ
526 2729 676 2810 νομοθέταις
700 2727 781 2794 τοὺς
807 2724 910 2794 αὐτοὺς
933 2720 1083 2799 γενέσθαι,
1107 2715 1139 2781 εὖ
1162 2716 1273 2787 εἷδότας
1297 2716 1357 2779 κτὲ.

389 2852 406 2935 q
431 2852 459 2914 7.
505 2846 543 2909 In
573 2840 706 2906 Scheibii
734 2837 867 2902 editione
897 2835 983 2898 locus
1014 2833 1057 2896 sic
1079 2831 1208 2914 legitur:
1245 2826 1423 2907 ἀστρατείας

345 2964 397 3043 μὲν
427 2961 485 3041 νόιρ
519 2956 632 3027 δικαίως
663 2952 698 3018 δον
734 2949 821 3016 αὐτόν
854 2946 1006 3032 (ἡγοῦμαι)
1029 2944 1154 3020 cauca,
1179 2938 1221 3006 ότι
1246 2939 1426 3015 καταλεγεὶς

347 3075 469 3148 όπλότορς
493 3075 542 3136 οὐκ
565 3067 664 3144 ἐξῆλθε
686 3066 749 3144 μεθ’
773 3063 850 3133 ὑμῶν
873 3055 1184 3141 στρατοπεδευόμενος,
1209 3053 1270 3118 οὐδὲ
1293 3051 1426 3131 παρέσχε

346 3188 426 3268 μετόν
449 3190 504 3251 τῶν
523 3181 622 3248 ἄλλων
641 3179 741 3244 ἑαυτὸν
756 3175 862 3259 τόξαι,
879 3172 987 3243 δειλίας
999 3171 1041 3248 δέ,
1064 3167 1106 3235 ότι
1120 3169 1175 3232 δεῖν
1188 3167 1279 3250 (malo
1291 3188 1359 3231 cum
1374 3163 1429 3228 Oo-

346 3302 416 3368 beto
440 3299 509 3382 δέον)
533 3296 619 3362 αὐτὸν
643 3294 800 3370 μετὰτῶν
825 3290 948 3354 όπλιτῶν
970 3284 1135 3350 κινδυνεύειν
1159 3280 1290 3346 ἱππεύειν
1312 3275 1412 3342 εἵλετο.

392 3412 464 3478 Non
495 3404 810 3490 στρατοπεδευόμενος
841 3422 911 3464 cum
944 3397 1016 3460 viris
1046 3395 1144 3458 doctis
1175 3389 1358 3456 eliciendum
1383 3394 1428 3451 est

348 3551 382 3592 ex
408 3524 530 3589 (lodicis
554 3521 684 3585 lectione
707 3521 851 3600 corrupta
873 3508 1056 3589 στρατοπεδῳ
1079 3507 1179 3584 μόνος,
1205 3502 1256 3567 sed
1270 3525 1428 3582 στρατοπε·
1519 3554 1521 3559 .

346 3638 549 3715 δευσόμευος.
600 3632 700 3719 Nemo
739 3628 818 3693 enim
855 3625 892 3689 ad
927 3622 1042 3688 bellum
1077 3615 1278 3703 proficiscitur
1309 3613 1356 3678 vel
1380 3635 1428 3678 ex·

324 3753 531 3840 ‚peditiouem
569 3745 694 3829 suscipit
729 3735 1033 3822 στρατοπεδευόμενος.
1080 3731 1239 3795 Praeterea
1273 3748 1335 3792 nou
1372 3725 1425 3791 abs

346 3891 377 3933 re
416 3864 509 3930 luerit
548 3881 686 3934 monere,
726 3877 788 3918 non
827 3852 892 3915 sine
929 3870 1018 3911 causa
1055 3845 1119 3923 μεθ’
1155 3843 1231 3919 ὑμῶν
1266 3839 1426 3924 participio

346 3974 658 4060 στρατοπεδευσόμενος
683 3965 839 4054 praeponi.
886 3958 1038 4026 Alcibiadi
1062 3956 1144 4021 enim
1158 3953 1201 4017 sic
1216 3951 1429 4038 praeterigna·

347 4096 426 4160 viam
456 4086 646 4173 arrogantiae
682 4079 903 4166 superbiaeque
927 4074 1040 4138 crimen
1064 4067 1224 4141 obiicitur,
1250 4064 1335 4148 quasi
1360 4085 1429 4127 cum

347 4205 525 4278 homiuibus
556 4200 593 4263 de
625 4196 712 4282 plebe
744 4194 777 4257 in
804 4189 910 4255 castris
935 4184 1046 4250 versari
1070 4179 1149 4244 infra
1172 4201 1203 4243 se
1227 4176 1366 4252 duxerit,
1391 4174 1429 4238 ad

345 4321 429 4407 quod
459 4318 550 4383 etiam
580 4311 698 4378 faciunt
721 4304 881 4391 sequentia
902 4299 964 4366 οὐδὲ
988 4297 1121 4377 παρέσχε
1145 4291 1226 4371 μετόι
1249 4296 1303 4356 τῶν
1328 4287 1426 4352 ἄλλον

346 4433 447 4501 ἑαυτόν
471 4429 570 4506 τάξαι.
