3364 5502
636 634 751 679 oacrio
773 633 842 679 xm.
1236 619 1276 679 25

195 815 258 890 λυόν.
299 813 485 894 Γραψόροενοι
514 813 538 876 δ’
560 814 584 878 οἱ
606 813 764 890 βουλευταὶ
787 814 828 878 τόν
851 812 982 890 όνόματα
1006 820 1062 878 τῶν
1086 813 1277 892 ἐγγυωμένων

196 928 257 993 καὶ
280 927 498 1008 κωλυόντων,
524 928 658 998 οόπιόντες
681 926 790 1008 ᾤχοντο
813 929 853 998 εἷς
875 927 962 993 ἄστυ.

242 1041 317 1104 Dele
352 1040 443 1104 verba
472 1039 521 1103 κα)
554 1042 718 1132 ὡμολόγουν
748 1046 779 1102 et
798 1023 904 1124 'paullo
927 1045 997 1123 post
1020 1039 1070 1103 ccl
1095 1038 1277 1114 κωλυόντων,

197 1175 274 1237 quae
298 1153 371 1216 olim
395 1152 605 1235 ludimagister
628 1153 660 1215 in
683 1147 903 1235 discipulorum
926 1153 1054 1235 gratiam
1077 1153 1206 1236 margini
1227 1151 1277 1215 ad·

155 1298 157 1304 ·
198 1266 335 1350 scripsit,
371 1272 406 1329 ut
442 1264 625 1348 explicaret,
660 1264 736 1347 quid
771 1273 848 1328 esset
880 1266 1057 1341 ἐγγυᾶσθαι.
1104 1266 1150 1329 De
1177 1265 1277 1350 priore

197 1378 433 1464 interpolatione
468 1377 506 1441 cf.
540 1376 686 1440 Photium
718 1377 752 1440 in
779 1399 851 1441 voce
874 1377 996 1455 ἠγγύα,
1022 1400 1112 1462 quam
1136 1378 1282 1461 interpre-

198 1500 283 1554 tatur
306 1491 405 1554 verbis
428 1488 571 1566 ὡμολόγει
596 1489 701 1554 δώσειν.
750 1487 825 1552 Fere
848 1489 956 1552 iisdem
981 1489 1080 1554 verbis
1103 1496 1206 1553 noster
1227 1487 1280 1554 Or.

198 1602 329 1680 XXIII,
353 1605 370 1687 p
393 1605 430 1665 9:
455 1601 671 1680 ἐγγυησάμενοι
695 1599 828 1682 παρέξειν
861 1604 900 1673 εἰς
915 1601 1040 1685 tropat,
1065 1611 1094 1666 et
1110 1601 1283 1687 Xenophon
1380 1607 1385 1618 ‘

199 1716 282 1780 Hell.
315 1715 395 1792 VII,
428 1719 465 1791 t,
503 1719 562 1779 38:
595 1717 611 1788 ἧ
642 1715 726 1786 πόλις
755 1717 887 1796 ἐγγυῷτο
912 1709 929 1786 ἦ
954 1717 1012 1792 μὲν
1035 1714 1167 1796 παρέξειν
1189 1717 1228 1787 εἷς
1251 1717 1283 1780 τό

198 1828 295 1894 κοινόν.
338 1827 444 1890 Altera
466 1825 661 1910 interpolatio
684 1849 825 1911 perversa
847 1827 1011 1912 graecitate
1034 1828 1189 1912 arguitur,
1213 1851 1284 1892 nam

201 1940 366 2006 κωλυόντων
390 1939 509 2004 obiecto
533 1946 622 2003 caret.

243 2056 335 2138 tul.
381 2051 553 2128 Ἐβοόλοντο
583 2051 691 2132 τοίνυν,
722 2047 743 2115 ὦ
770 2049 868 2131 ἄνδρες
897 2051 1035 2116 δικασταί
1042 2103 1051 2127 ,
1079 2049 1121 2115 ἔτι
1145 2053 1284 2116 πλειόνων

202 2162 289 2229 αὐτόν
323 2165 364 2230 rol
397 2164 526 2242 όνόαατα
560 2163 748 2242 ἀπογράψαι·
782 2163 853 2229 οὕτω
888 2165 1003 2245 σφόδρα
1027 2163 1127 2244 ἔρρωτο
1151 2167 1167 2241 ἡ
1190 2163 1285 2240 βουλὴ

201 2279 292 2351 ιιακόνΙ
315 2302 344 2342 τι
375 2277 566 2358 tractata,
597 2279 646 2342 καὶ
671 2277 758 2348 αὐτὸς
782 2280 832 2341 οὐκ
855 2276 941 2341 ἐδόκει
965 2281 1063 2347 αὐτοῖς
1086 2274 1210 2341 ἅπαντα
1233 2277 1286 2340 τοὶ-

201 2393 273 2466 untia
298 2415 342 2455 πω
365 2391 591 2471 κατηγορηκέναι
615 2390 669 2473 (sic
693 2388 808 2472 codex).
854 2388 980 2461 Τούτους
1004 2389 1058 2466 μὲν
1080 2384 1125 2454 οὖν
1148 2385 1288 2460 όόπαντας

203 2505 270 2567 ἑκὼν
292 2503 480 2585 aromaca,
504 2503 638 2580 οὐδεμιᾶς
663 2503 742 2582 αὐτῷ
762 2501 897 2579 οόνοόγιωις
919 2502 1014 2574 οὕτως.

247 2615 318 2679 Non
349 2616 428 2679 facio
455 2637 525 2679 cum
548 2615 603 2692 iis,
629 2614 682 2697 qui
705 2614 797 2678 verba
819 2614 868 2677 καὶ
893 2613 981 2686 αὐτὸς
1004 2617 1055 2678 οὐκ
1077 2613 1164 2679 ἐδόκει
1187 2615 1287 2685 αὐτοῖς

203 2727 326 2794 ἅπαντα
349 2731 461 2804 rotanti
483 2753 528 2793 πω
552 2728 778 2807 κατηγορηκέναι
802 2725 933 2791 delenda
955 2749 1019 2790 esso
1044 2733 1201 2803 censeant,
1219 2749 1289 2790 nam

203 2841 320 2906 nullam
350 2842 437 2905 video
469 2861 607 2917 cansam,
640 2862 694 2904 cur
718 2862 753 2904 ea
777 2840 942 2924 quisquam
964 2840 1141 2917 inseruerit,
1168 2838 1290 2902 nullum

203 2954 347 3031 verbnm,
379 2954 417 3018 ad
451 2953 533 3038 quod
565 2953 781 3038 explicandum
811 2954 940 3017 faciant:
974 2975 1073 3038 neque
1097 2958 1288 3029 memoret,

206 3067 290 3150 quod
320 3066 450 3150 legimus
480 3066 707 3145 κατηγορηκέναι
737 3087 793 3150 pro
823 3064 1037 3144 κατειονιιέναι,
1070 3074 1116 3129 cst
1149 3065 1229 3129 enim
1254 3087 1289 3129 ea

204 3179 377 3263 corruptela
403 3179 557 3242 *infinitivi
591 3177 789 3254 αατειρνιαέναι
823 3179 897 3241 satis
932 3178 1075 3262 frequens
1111 3179 1145 3241 in
1180 3177 1291 3242 codici·

206 3291 281 3369 bus,
312 3299 454 3376 recteque
487 3291 581 3368 adeo,
613 3298 650 3355 ut
682 3312 744 3354 non
774 3291 857 3354 ultra
887 3290 1011 3374 Lysiam
1040 3291 1229 3376 progrediar,
1257 3291 1290 3355 in

206 3403 261 3469 Or.
292 3403 326 3480 I,
356 3405 458 3489 ctu,
486 3403 567 3479 VII,
592 3406 610 3488 ό
632 3407 673 3468 35
699 3403 782 3469 eth.
806 3403 827 3468 l.
852 3402 988 3468 Cobetns
1012 3403 1093 3489 qnod
1117 3427 1222 3468 verum
1245 3412 1291 3468 ost
1387 3433 1389 3436 ·

206 3517 352 3581 restitnit.
401 3515 562 3580 Caeterum
593 3514 665 3582 οὕτω
698 3517 811 3598 σφόδρα
841 3539 903 3581 non
932 3517 1032 3582 miuus
1061 3517 1098 3581 ad
1122 3518 1290 3582 sententiae

206 3630 421 3714 posteriorem,
463 3648 553 3720 quarn
584 3629 714 3712 priorem
745 3636 863 3712 partem
894 3629 1045 3713 pertinet,
1076 3638 1113 3694 ut
1144 3632 1205 3694 iam
1238 3629 1290 3694 alii

207 3742 454 3806 observaverunt.
501 3740 605 3805 Unum
638 3741 719 3824 quod
750 3742 783 3804 in
815 3741 864 3805 his
896 3742 995 3807 verbis
1018 3765 1065 3807 me
1093 3742 1221 3807 offendit
1243 3749 1289 3806 est

207 3875 376 3938 pronomen
400 3852 506 3930 αὐτός,
532 3875 586 3938 pro
611 3876 674 3938 quo
697 3853 800 3918 malim
824 3851 914 3926 οὗτος.

254 3969 346 4051 §Sit
394 3966 513 4039 Ἐπειδὴ
543 3966 651 4041 τοίνυν,
684 3961 704 4030 ὦ
735 3966 833 4047 ἄνδρες
864 3966 1018 4042 δικασταί,
1049 3968 1170 4038 όόναπος
1197 3969 1291 4032 οὔτῶν

207 4078 391 4154 αατεννόσόη
425 4078 476 4141 καὶ
499 4077 552 4142 ἔδει
577 4077 681 4150 αὐτοὺς
705 4078 904 4159 ἀποθνήσκειν,
929 4078 1175 4156 μεταπέμπονται
1198 4078 1237 4148 εἷς
1259 4077 1292 4140 τὸ

207 4191 394 4270 δεσμωτήριον
418 4193 431 4258 ό
453 4190 507 4268 μὲν
530 4189 677 4280 όδελφνὶν,
704 4189 767 4253 όδέ
789 4189 920 4268 μητέρα,
944 4190 957 4254 ό
984 4189 1013 4253 δὲ
1031 4195 1176 4266 γυναῖκα,
1196 4189 1211 4250 ό
1229 4187 1293 4262 δ’δ’-

206 4327 251 4375 τις
281 4298 313 4377 ἦν
336 4299 450 4382 ἑαοόσπῳ
472 4305 566 4367 αὐτῶν
590 4302 789 4383 προσήκουσα,
812 4297 858 4364 tta
881 4302 923 4367 πόι
948 4298 1066 4365 ὕστατοι
1088 4300 1292 4376 ἀσπασόμενοι

207 4416 272 4488 τοὺς
295 4415 389 4482 αὑτῶν
412 4413 483 4480 οὕτω
504 4414 554 4479 τόν
576 4413 640 4492 βίον
660 4414 875 4488 τελευτήσειαν.
904 4414 961 4478 Καὶ
978 4414 1010 4487 δὴ
1027 4412 1075 4477 καὶ
1092 4409 1291 4493 Διονυσοδωρος

1153 4529 1173 4583 4
