3364 5502
699 598 814 644 οιολτιο
837 600 860 643 1.
1313 587 1332 647 3

238 780 347 854 πρῶτον
369 776 424 852 μέν
446 778 483 848 ύς
506 775 586 853 μετὰ
607 779 660 851 την
682 777 807 858 ἐκφοραν
830 781 907 858 αὐτῇ
930 779 1053 862 προσίοι,
1074 779 1178 844 έπειτα
1198 783 1234 853 ὡς
1255 781 1332 856 αύτη

237 895 406 954 τελευτῶσαι
438 889 638 966 εἰσαγγείλειε
665 889 715 954 καί
747 893 784 962 ύς
816 893 907 967 ε’κείνη
931 895 972 973 τῷ
995 894 1088 975 χρθνοι
1109 894 1254 972 πεισθείη,
1278 893 1329 958 καί

237 1003 294 1074 τθις
324 1002 447 1075 εἷσοθονς
478 999 517 1076 οίς
548 1003 660 1082 τρθποις
695 1005 820 1085 προσίοι,
845 1006 894 1069 καί
917 1008 953 1078 ύς
978 1008 1185 1088 Θεσμοφορίοις
1209 1008 1331 1082 ἐμοῦὲν

238 1117 319 1196 ύγρῷ
350 1115 426 1188 θντος
457 1117 550 1197 ύχετο
580 1117 620 1186 εἷς
653 1117 687 1181 τὸ
718 1117 788 1196 ἱερὸν
817 1119 898 1195 μετα
925 1127 978 1193 τῆς
1000 1118 1107 1199 μητρὸς
1131 1128 1184 1194 τῆς
1207 1121 1329 1184 ἐκείνου·

239 1229 290 1294 καί
313 1225 417 1296 τοῖλλα
439 1232 481 1295 τὰ
504 1230 650 1307 γενύμενα
673 1229 775 1294 πούντα
798 1231 924 1311 ύκριβοῖνς
944 1231 1112 1308 διηγήσατο.

282 1343 343 1407 Pro
377 1343 474 1407 altero
508 1343 632 1424 προσίοι,
668 1344 753 1428 quod
789 1352 968 1428 corruptum
999 1367 1064 1410 esse
1087 1346 1161 1409 satis
1185 1353 1326 1422 constet,

238 1459 342 1522 minus
381 1465 462 1522 reete
498 1455 659 1545 Dobraeus
694 1458 825 1522 coniecit
859 1458 1024 1541 legendum
1059 1481 1124 1522 esse
1158 1461 1326 1533 ποιύσαιτοι

237 1592 334 1654 quum
366 1572 446 1634 enim
479 1571 571 1634 verba
601 1571 727 1644 πεισθείη
760 1579 790 1634 st
817 1570 911 1652 ᾤχετο
934 1572 1092 1636 referenda
1116 1572 1178 1636 sint
1202 1572 1241 1636 ad
1265 1573 1326 1636 nu-

237 1683 347 1769 phileti
370 1706 512 1761 uxorem,
542 1683 667 1748 verbum
690 1684 908 1770 interpositum
932 1685 982 1748 vix
1005 1686 1080 1749 satis
1103 1685 1262 1750 commode
1286 1685 1324 1749 sd

158 1839 161 1844 ·
238 1796 472 1862 Eratosthenem
501 1799 606 1862 referri
637 1806 755 1882 potest,
783 1799 843 1862 nisi
867 1798 974 1862 addito
993 1801 1121 1864 nomine
1145 1801 1193 1864 vel
1216 1821 1327 1884 prono-

238 1913 336 1990 mine,
369 1934 440 1976 nam
472 1913 528 1982 τὰς
559 1912 680 1984 εἰσοῒονς
712 1913 853 1977 ποιεῖσθαι
881 1912 919 1976 de
942 1913 1029 1976 nullo
1052 1914 1113 1976 nisi
1136 1913 1174 1977 de
1197 1913 1324 1977 moecho

235 2026 299 2114 ¹diei
322 2048 411 2111 posse
435 2048 489 2110 per
512 2047 543 2092 se
566 2024 675 2108 liquet.
722 2023 790 2090 Nee
816 2025 898 2109 fugit
921 2025 979 2089 hoo
1001 2026 1102 2110 ipsum
1127 2027 1321 2103 Dobreeum,

238 2140 309 2224 qui,
334 2139 436 2203 animo
453 2143 597 2215 mutato,
622 2149 729 2222 postea
751 2139 900 2224 cogitavit
924 2140 962 2203 de
985 2148 1117 2220 προσεῑτο
1141 2163 1182 2205 se.
1208 2145 1225 2216 ἦ
1249 2143 1323 2217 γυνη

237 2253 287 2317 τὸν
321 2256 442 2333 μοιχόν,
474 2274 566 2337 quem
598 2252 761 2318 lectionem
796 2251 904 2316 leviter
941 2260 1090 2317 mutatam
1128 2254 1161 2317 in
1194 2261 1325 2334 προσοῖτο

242 2365 462 2430 Herwerdenus
485 2387 572 2429 meus
595 2366 628 2429 in
651 2365 815 2429 editionem
839 2366 971 2450 recepit:
996 2387 1179 2450 quamquam
1196 2388 1233 2429 ne
1250 2367 1326 2447 haec¹

238 2479 363 2563 quidem
398 2478 556 2563 probanda
591 2488 654 2557 est,
690 2501 785 2564 quum
821 2479 948 2542 verbum
979 2480 1141 2559 προσίεσθαι
1173 2480 1323 2564 significet

184 2575 187 2581 ¹
233 2593 457 2676 permitterent
480 2592 587 2677 aliquis
610 2595 724 2656 adeor
746 2596 867 2657 accedet
889 2592 998 2656 autin
1021 2614 1132 2677 genere
1155 2596 1321 2672 concedere,

236 2728 365 2791 quornm
409 2713 555 2770 neutrum
598 2706 630 2769 in
667 2712 806 2769 nostrum
837 2705 940 2770 locum
973 2706 1126 2770 convenit.
1182 2706 1262 2770 Mihi
1292 2706 1324 2770 in

236 2823 341 2900 προσίοι
372 2822 468 2886 latere
499 2821 621 2885 videtur
653 2821 821 2902 παρύσχοι,
853 2819 936 2904 quod
965 2843 1027 2884 non
1051 2820 1142 2884 nimis
1166 2843 1184 2883 a
1207 2820 1324 2884 codicis

235 2936 372 3020 vestigiis
388 2935 527 2998 aberrare
543 2933 797 3020 palaeographiae
811 2933 925 3018 peritos
945 2955 1007 2996 non
1024 2932 1169 3017 estquod
1186 2933 1321 3013 doceam,

235 3057 266 3113 et
297 3049 405 3112 eximie
435 3049 467 3110 in
499 3047 583 3110 hune
611 3047 714 3110 locum
744 3047 895 3130 quadrare
924 3046 1113 3110 demonstret
1136 3046 1324 3131 Xenophon·

234 3169 302 3226 teus
326 3161 410 3225 locus
433 3161 466 3223 in
491 3158 613 3222 Hellen.
634 3159 691 3236 IV,
717 3162 756 3234 4,
780 3161 810 3236 7,
836 3159 890 3222 ubi
904 3159 1054 3243 legimus}
1071 3160 1322 3240 ἕτεχειρεῑτον...

233 3273 407 3352 Πασίμηλός
436 3296 471 3336 τε
506 3272 555 3336 καί
591 3271 764 3348 Ἀλκιμένης
888 3272 1081 3349 συγγενέσθαι
1108 3271 1243 3354 Πραξίτα
1270 3275 1321 3337 καὶ

232 3385 311 3454 εἷπον
333 3387 376 3452 θτι
399 3382 524 3451 δύναιντ’
546 3383 583 3450 θον
605 3391 774 3466 παρασχεῖν
796 3383 900 3449 είσοθον
923 3385 964 3457 είς
984 3385 1024 3449 τοὶ
1044 3386 1256 3450 κατατείνοντα
1273 3386 1321 3450 ἐπὶ

233 3502 365 3583 Λέχαιον
387 3501 486 3580 τείχη.

278 3618 359 3700 §32
385 3616 438 3698 (τ).
484 3613 637 3688 Ἀκούετε,
671 3611 784 3692 θινδρες,
815 3609 857 3676 θτι
881 3610 1009 3694 κελεύει,
1035 3609 1085 3675 έύν
1107 3634 1152 3683 τις
1176 3609 1321 3689 ίινθρωπον

233 3729 375 3809 έλεύθερον
406 3728 422 3803 ἢ
451 3728 549 3792 παῖδα
579 3726 706 3807 αἰσχύνη
735 3726 805 3808 βίρι,
829 3725 933 3799 διπλῆν
955 3725 1007 3798 την
1028 3724 1152 3802 βλύβην
1175 3725 1320 3806 ὀφείλειν,

233 3844 284 3909 έοὶν
314 3843 344 3906 δέ
370 3849 513 3919 γυναῖκα,
541 3843 596 3921 ἐφ’
620 3835 753 3919 αίσπερ
776 3838 1006 3903 ύποκτείνειν
1028 3837 1187 3920 έξεστιν,
1211 3839 1240 3901 έν
1262 3845 1321 3910 τοῖς

232 3959 331 4028 αὐτοῖς
354 3957 522 4035 ἐνέχεσθαι·
554 3952 660 4034 οὕτως,
687 3949 707 4017 ὦ
730 3950 846 4034 ἄνδρες,
870 3952 937 4023 τοὺς
959 3950 1145 4031 βιαζομένους
1169 3949 1320 4023 ε’λοίττονος

231 4071 337 4152 ζημίας
368 4068 466 4144 delore
498 4069 633 4144 ἡγήσατο
665 4060 738 4129 εἶναι
769 4065 785 4139 ἢ
818 4066 885 4136 τοὺς
916 4065 1084 4136 πείθοντας·
1107 4071 1162 4128 τῶν
1185 4063 1238 4141 μὲν
1261 4063 1321 4144 γὰρ

231 4182 353 4248 θοίνατον
376 4183 528 4258 κατέγνω,
551 4188 611 4251 τοῖς
635 4179 665 4243 δέ
689 4178 793 4252 διπλῆν
815 4178 930 4254 ε’ποίησε
952 4180 1004 4253 την
1029 4176 1162 4256 βλύβην.

277 4298 383 4378 Quum
407 4318 487 4360 anno
512 4299 594 4359 1862
619 4293 801 4359 indicassem
826 4291 918 4357 verba
940 4292 1124 4356 inconcinne
1146 4293 1196 4372 ἐφ’
1216 4286 1321 4367 αἷσπερ

234 4409 413 4478 ύποκτείνειν
438 4408 550 4486 έξεστιν
578 4408 653 4472 mihi
683 4406 780 4470 videri
802 4405 967 4491 relegenda
990 4423 1058 4469 esse·
1077 4406 1110 4469 in
1133 4404 1320 4487 marginem,
