3364 5502
259 589 261 594 ·
356 569 397 627 60
792 587 907 630 omno
929 587 1003 632 xxx.

399 766 416 849 b
443 769 491 829 12.
538 763 667 850 Legitur
697 767 729 830 in
761 765 917 832 Palatino:
949 772 1136 848 Κλεοφῶντος
1167 769 1275 847 τοίνυν,
1300 765 1321 833 ὦ
1344 766 1441 848 ἄνδρες

355 879 509 954 denarrat,
540 878 626 960 ἕτεροι
655 880 708 957 μὲν
735 878 772 944 ῶν
798 904 855 956 τις,
870 882 934 961 ἔχοι
958 891 1177 962 ιιοιτηγορῆσοιι·
1200 883 1337 948 τοῦτοδὲ
1360 883 1442 962 τοιού

355 995 472 1061 τῶντῶν
495 997 697 1075 ὃμολογεῑτοιι,
721 993 764 1062 dre
787 999 811 1064 οἱ
834 996 1031 1070 κονιοιλύοντες
1055 998 1104 1065 τῶν
1126 997 1215 1075 δῆμον
1237 1001 1340 1064 ἐκεῖνον
1359 997 1440 1074 ἐβού-

355 1126 437 1176 λοντο
463 1112 600 1188 μύλιττιι
622 1121 678 1179 τῶν
702 1119 825 1181 πολιτῶν
848 1115 970 1182 ἕκτοῶῶν
993 1113 1144 1194 γενέούιιι,
1169 1115 1219 1179 nal
1243 1112 1285 1178 ύτι
1312 1112 1441 1192 Σάτυρος

355 1227 404 1300 κοῶ
429 1234 568 1308 Κλεοφῶν
592 1229 615 1294 οἱ
638 1235 694 1299 τῶν
716 1233 871 1310 τριύκιντοι
894 1233 1042 1314 γενόμενοι
1065 1233 1124 1316 οὐχ
1146 1233 1215 1313 ὑπὲρ
1238 1235 1316 1311 ὑμῶν
1335 1229 1443 1314 ὀργιζό-

355 1373 432 1429 μενοι
463 1354 651 1431 Κλεοφῶντος
682 1353 875 1434 ιιιιτηγύρονν,
907 1353 978 1417 ἀλλ’
1007 1348 1054 1418 ive
1082 1351 1186 1416 ἐκεῖνον
1218 1334 1442 1422 ύτοκτεύνιιντες

356 1464 436 1531 edroi
461 1466 539 1540 ὑμῶς
563 1470 659 1537 κοινῶς
683 1473 790 1532 τοιῶσι.

398 1578 505 1643 Minus
528 1585 610 1643 recte
633 1577 816 1646 recentiores
841 1581 973 1647 editores
997 1603 1052 1667 pro
1075 1589 1221 1666 corrupto
1244 1584 1384 1661 Κλεοφῶν
1407 1602 1444 1645 ex

355 1692 529 1758 coniectura
552 1691 670 1756 Schotti
694 1693 858 1760 ediderunt
882 1696 1009 1776 Χρέμων.
1057 1694 1138 1759 ΝοΙο
1162 1715 1271 1778 urgere
1294 1693 1370 1758 haec
1393 1715 1443 1757 ro·

354 1806 462 1871 cabula
486 1805 578 1869 nimis
603 1805 766 1872 dissimilia
790 1831 873 1887 esse,
898 1831 991 1894 qnam
1015 1816 1051 1874 nt
1074 1807 1162 1873 facile
1181 1808 1262 1872 inter
1277 1829 1309 1871 se
1325 1830 1443 1892 permn-

356 1919 415 1983 tsri
439 1918 614 2002 potuerint3
639 1921 691 1984 sed
715 1922 856 2007 improbo
881 1923 981 2007 qnod,
1006 1923 1032 1988 si
1056 1921 1187 2005 legimus
1211 1920 1345 2001 Χρέμοιν,
1373 1919 1445 1984 faoi·

358 2056 427 2098 mns
454 2031 578 2117 Lysiam
610 2033 778 2112 dicentem,
812 2036 893 2119 quod
924 2036 1011 2100 nullo
1046 2035 1138 2100 modo
1168 2034 1267 2099 dicere
1300 2032 1444 2118 potuerit.

359 2147 486 2230 Satyrus
520 2168 629 2232 nempe
668 2170 729 2211 non
768 2149 829 2213 fuit
867 2171 948 2212 unns
986 2172 1002 2212 e
1043 2146 1260 2232 trigintaviris3
1295 2145 1378 2210 dicas
1400 2183 1445 2196 —

362 2282 546 2344 quamquam
575 2260 634 2324 hoc
667 2261 790 2344 quidem
825 2268 1055 2346 argumentum,
1084 2282 1146 2344 qno
1170 2259 1372 2324 coniecturam
1396 2259 1446 2323 de-

360 2374 482 2451 fendas,
509 2373 583 2437 satis
606 2375 717 2439 mirum
742 2381 789 2439 est
810 2383 1038 2452 -oratorem,
1057 2380 1092 2438 ut
1115 2373 1236 2459 saepius
1259 2368 1292 2438 in
1316 2374 1375 2438 hoe
1399 2396 1447 2459 ge·

361 2510 433 2552 nere
456 2487 569 2552 factum
592 2488 748 2566 videmus,
769 2489 942 2554 memoriam
966 2489 1129 2553 fefellisset
1153 2494 1184 2551 at
1208 2487 1307 2572 Satyri
1330 2487 1448 2552 tristior

361 2600 520 2665 celebritas
549 2601 626 2678 fuit,
658 2623 750 2686 quam
783 2609 818 2667 ut
849 2599 956 2686 Lysias
987 2607 1050 2665 tom
1079 2599 1165 2666 brevi
1195 2607 1264 2686 post
1285 2601 1447 2686 imperium

361 2713 560 2797 trigintaviris
585 2714 781 2798 ademptum,
806 2715 839 2778 in
863 2736 898 2778 eo
921 2713 1119 2779 memorando
1142 2713 1303 2779 memoriae
1326 2714 1447 2798 lapsum

361 2827 554 2892 commiserit.
603 2828 667 2890 Aut
697 2826 803 2904 fallor,
836 2834 891 2892 aut
921 2826 1037 2904 scriba,
1070 2847 1165 2911 quum
1191 2847 1243 2904 ea,
1267 2840 1345 2909 quae
1368 2827 1449 2891 inter

360 2942 413 3005 κού
432 2947 464 3005 et
486 2944 542 3004 τῶν
565 2940 679 3024 scripta
694 2941 831 3018 buerant,
849 2941 949 3025 legere
966 2963 1028 3004 non
1045 2946 1165 3024 posset,
1182 2939 1220 3003 de
1236 2961 1292 3003 suo
1308 2940 1447 3024 scripsit,

362 3053 444 3136 qnod
480 3052 612 3138 primum
649 3054 681 3116 in
716 3060 847 3118 mentem
883 3053 986 3129 venit,
1023 3059 1059 3116 nt
1093 3052 1167 3116 fecit
1201 3052 1233 3116 in
1268 3050 1321 3117 Or.
1352 3051 1447 3130 XIV,

360 3169 377 3251 b
404 3168 457 3228 29.
505 3164 590 3245 Quid
622 3165 696 3229 olim
728 3167 876 3250 scriptum
909 3166 1019 3243 fuerit,
1052 3187 1107 3250 pro
1130 3171 1213 3229 certo
1236 3164 1377 3230 affirmari
1400 3189 1450 3230 ne·

361 3279 446 3364 quit,
478 3278 531 3342 sed
562 3278 720 3362 aliquanto
751 3277 961 3364 probabilius,
995 3301 1085 3364 quam
1117 3286 1153 3342 ut
1183 3298 1266 3343 nunc
1288 3278 1449 3362 vulgatur,

361 3393 461 3456 locum
494 3391 537 3454 sie
568 3391 775 3475 suppleveris:
811 3392 939 3475 Σύτνρος
963 3392 1012 3458 κοῶ
1036 3393 1060 3456 οἱ
1084 3389 1197 3471 ὕστερον
1219 3397 1275 3457 τῶν
1297 3391 1451 3472 τριύκοντιι

362 3504 518 3583 γενόμενοι.

406 3619 498 3702 bl&
546 3619 585 3683 Οἱ
616 3619 708 3683 τοίνυν
733 3615 863 3699 τρύμινοι
888 3618 928 3683 τὰ
951 3621 983 3684 εἰι
1006 3623 1062 3683 τῶν
1084 3615 1211 3699 κύρβεων
1233 3616 1344 3691 ύύοντες
1366 3618 1452 3695 μεμύ-

363 3753 434 3806 οτην
456 3729 506 3795 κοιὶ
530 3729 794 3807 εὐδαιμονεστάτην
818 3736 875 3796 τῶν
898 3730 1071 3806 Ἑλληνίδων
1093 3732 1145 3806 την
1169 3728 1253 3797 τύλιν
1276 3733 1346 3808 ἡμῖν
1364 3729 1453 3811 τοιού-

364 3843 465 3918 δοτοιν,
496 3840 564 3907 ὥστ’
589 3840 668 3919 ἄξιον
692 3847 760 3919 ἡμῖν
783 3843 841 3914 τὰς
865 3843 961 3916 οιύτύις
985 3843 1097 3914 ἐκείνοις
1119 3843 1219 3915 derlee
1241 3844 1381 3908 τοιεῖτύιιι
1403 3841 1452 3908 κοῶ

365 3955 388 4019 εἰ
419 3954 507 4032 μηδὲν
538 3955 579 4018 δι’
610 3953 702 4037 ἄλλο,
733 3963 786 4030 τῆς
809 3955 907 4036 τύχης
929 3953 1014 4020 tusae
1035 3962 1088 4030 τῆς
1111 3953 1144 4030 ἐξ
1166 3952 1277 4019 ἐκείνων
1298 3959 1354 4020 τῶν
1377 3957 1454 4036 ἱερῶν

367 4065 578 4145 remordere·

411 4178 537 4263 (lorrige
564 4181 595 4244 si
618 4179 680 4243 ιιοιὶ
704 4178 791 4256 μηδὲν
814 4179 856 4245 δι’
880 4179 972 4252 ἄλλο,
996 4187 1049 4254 τῆς
1072 4201 1116 4254 γε
1138 4176 1235 4258 τύχης
1257 4175 1352 4244 ἕνεκα.
1384 4179 1454 4244 Par·

367 4292 493 4356 ticulum
516 4317 555 4369 γε
579 4291 749 4356 addendam
773 4313 839 4356 esse
862 4292 923 4355 iam
945 4299 1105 4356 monuerat
1128 4290 1301 4370 Sluiterus,
1325 4291 1379 4375 qui
1395 4292 1454 4356 ool·

368 4404 444 4488 legit
476 4426 620 4488 magnum
651 4425 810 4468 numerum
836 4404 991 4482 locorum,
1016 4412 1051 4468 ut
1076 4405 1281 4469 coniecturam
1306 4425 1455 4480 commen·
