3364 5502
373 577 415 637 14
821 606 935 652 onnn1o
958 609 1002 654 τε.

418 776 573 863 Adseripsi
604 780 687 845 huno
715 782 832 864 locum,
857 785 937 850 siout
960 786 1064 852 (lodex
1086 788 1243 854 Palatinus
1267 787 1357 853 nobis
1382 810 1451 852 eum

371 887 510 972 praebet,
533 901 568 958 ut
591 894 624 958 in
646 894 804 961 luculento
827 898 965 983 exemplo
989 908 1150 985 appareat,
1177 924 1270 987 qnam
1287 901 1375 966 foede
1395 898 1455 983 Ly·

371 1000 431 1064 sias
454 1002 656 1088 interpolatus
679 1009 729 1072 sit.
765 1009 867 1075 Verba
888 1012 977 1075 unois
1000 1013 1119 1077 inolnsa
1142 1013 1291 1078 eiicienda
1310 1035 1375 1077 esse
1392 1013 1453 1076 iam

370 1113 423 1177 alii
453 1125 629 1196 senserunt,
662 1121 717 1203 qui
747 1122 839 1186 simul
866 1125 1061 1189 inseruerunt
1083 1125 1186 1192 κοιτοί
1209 1133 1280 1190 ante
1302 1127 1391 1198 τοὺς
1415 1125 1455 1191 νθ-
1488 1199 1489 1204 1

369 1249 451 1304 μονς.
497 1229 557 1324 Sesl
588 1232 663 1314 qnid
694 1234 785 1298 lanias
815 1237 915 1301 verbis
945 1238 1033 1311 οιὺτδς
1055 1239 1129 1316 μένΡ
1174 1239 1255 1303 Mihi
1276 1238 1309 1302 in
1333 1239 1454 1310 οιθτθς

370 1338 463 1405 latere
496 1342 618 1408 videtur
643 1347 753 1412 ωὐτίκοι
776 1349 861 1412 etin
884 1351 939 1428 μέν
962 1350 1013 1430 id,
1038 1351 1122 1436 qnod
1145 1352 1206 1415 iam
1229 1362 1452 1436 reposuerunt,

369 1453 481 1521 κοιτά.
528 1455 668 1543 Legerim
705 1460 809 1545 itaque
847 1463 956 1536 πθδοις,
992 1465 1101 1529 ωὐτίκοι
1135 1466 1217 1529 κοιτίι
1250 1465 1316 1537 τοὺς
1350 1465 1452 1544 νθμονς

367 1566 510 1648 Φειίξετοιι
539 1573 591 1646 τίην
622 1579 672 1638 τοῦ
701 1575 876 1650 ἀδικηθέντος
899 1577 1000 1650 πόλιν,
1024 1577 1072 1642 κοιί
1094 1578 1146 1642 ε’ἀν
1168 1578 1272 1660 κοιτίη,
1296 1578 1450 1658 ἐνδειχθεὶς

368 1681 482 1762 θοονάτῳ
507 1684 728 1764 ζημιωθήσεται.

412 1797 429 1880 θ
448 1798 487 1859 16
510 1799 564 1880 (†).
611 1800 688 1864 Φοισί
711 1801 740 1864 δὲ
762 1802 812 1866 κοιί
834 1809 890 1867 τοῖν
912 1804 1056 1876 Ἑλλήνων
1079 1803 1204 1875 πολλοὺς
1228 1803 1275 1868 διά
1293 1805 1334 1869 τοδ
1353 1802 1451 1868 ε’νθάδε

367 1909 553 1987 ἀσεβάμοοτοι
575 1913 684 1977 ἐκτῶν
706 1915 776 1994 παρ’
799 1918 898 1987 ωὐτοῖς
917 1917 993 1995 ἱερῶν
1013 1913 1159 1995 ἐξείργειν.
1195 1919 1294 1994 Ὑμεῖς
1318 1916 1347 1979 δὲ
1366 1914 1450 1980 ωὑτοὶ

366 2023 391 2085 οί
420 2022 598 2097 ἀδικηθέντες
625 2026 687 2106 περί
718 2028 871 2101 ἒλάττονος
902 2031 1024 2093 ποιεῖσθε
1049 2030 1090 2093 τοδ
1114 2014 1183 2107 ποτ’
1207 2030 1273 2106 ὑμῖν
1297 2028 1447 2107 νίμιμοιῆ

367 2131 452 2216 ἕτεροι
475 2138 524 2202 τοὶ
548 2137 727 2220 ὑμέτεροι.

411 2248 553 2314 Reiskius
589 2251 666 2315 vidit
693 2253 726 2316 in
752 2253 905 2338 prioribus
932 2255 1020 2320 οιῦτθν
1047 2254 1150 2318 deesse
1170 2262 1201 2318 et
1224 2254 1354 2319 inseruit
1377 2260 1447 2336 post

368 2359 504 2435 πολλούς.
551 2364 663 2430 Nonne
685 2366 804 2430 facilius
827 2367 1008 2432 intercidere
1031 2368 1132 2452 potuit
1155 2375 1225 2452 post
1242 2365 1450 2444 ἀσεβήμοτωί

369 2473 457 2554 Quae
491 2485 664 2562 sequnntur
697 2501 767 2543 enm
797 2481 1033 2565 interrogatione
1064 2479 1295 2565 pronuncianda
1324 2485 1450 2543 suntet

368 2593 569 2673 prostestata
591 2591 755 2675 legendnm
778 2593 917 2656 futurum
940 2593 1107 2668 ποιήσεσθε,
1124 2599 1158 2655 ut
1175 2591 1248 2656 olim
1264 2597 1450 2655 monuerunt

367 2701 497 2768 Contine
521 2712 552 2768 et
573 2704 731 2789 Taylorus.
777 2705 914 2770 Tandem
937 2705 999 2769 duo
1022 2703 1133 2768 ultima
1156 2703 1306 2769 voeabula
1324 2705 1365 2769 τά
1381 2705 1450 2780 ὑμέ·

366 2839 436 2896 τερον
460 2815 616 2882 reddenda
642 2839 751 2882 censeo
774 2819 819 2896 ei,
844 2819 898 2901 qui
922 2818 1091 2882 sententiae
1113 2839 1167 2901 per
1194 2839 1226 2881 se
1248 2817 1368 2881 lnoidae
1392 2818 1450 2881 hoo

366 2930 476 2996 inutile
500 2938 531 2994 et
553 2931 705 2997 ludicrum
728 2931 860 2996 fulcrum
883 2931 1057 2995 addendum
1080 2930 1211 3015 putavit.
1258 2929 1329 2994 Mea
1352 2930 1449 3014 igitur

367 3045 518 3108 sententia
549 3045 624 3109 haec
646 3044 756 3130 Lysiae
777 3067 886 3109 manus
910 3052 972 3108 est:
998 3045 1080 3120 ὑμεῖς
1107 3043 1136 3107 δὲ
1158 3043 1240 3108 atro>
1263 3043 1288 3107 οῖ
1310 3044 1452 3118 ἀδικηθέν-

366 3180 415 3228 τες
438 3157 501 3236 περί
524 3157 677 3230 ε’λοίττονος
699 3158 849 3232 ποιήσεσθε
871 3159 912 3223 τά
934 3159 1004 3236 περ’
1026 3157 1093 3234 ὑμῖν
1115 3155 1227 3234 νόμιμοι
1250 3155 1267 3230 ἢ
1290 3153 1394 3235 ἕτερου

409 3273 427 3356 θ
450 3273 502 3336 at.
549 3275 585 3338 Ὀ
608 3272 637 3336 δὲ
659 3271 717 3344 θεδς
741 3274 853 3349 ὑπῆγεν
875 3270 981 3345 οιάτθν,
1004 3267 1038 3334 ἵν’
1051 3269 1227 3350 ἀφικόμενος
1242 3269 1281 3339 είς
1297 3269 1338 3334 τά
1353 3269 1448 3350 ἀμοορ·

365 3386 490 3463 τάμοιτοι
513 3385 560 3450 ἐπί
584 3395 620 3467 τῇ
644 3385 700 3468 ε’μῇ
724 3385 868 3466 προφάσει
891 3383 948 3459 δοίη
968 3382 1054 3458 δίκην.
1077 3379 1204 3461 Ἐλπίζω
1222 3383 1277 3459 μὲν
1295 3379 1342 3446 οὖν
1360 3381 1449 3448 οιύτδν

366 3497 431 3561 κοιδ
447 3497 545 3562 δώσειν
556 3498 651 3573 δίκην,
668 3499 836 3575 θοινμοιστδν
848 3496 904 3580 (sio
915 3517 985 3560 enm
999 3493 1199 3558 Valckenario
1212 3516 1267 3579 pro
1278 3495 1448 3578 θοιωμάσιον)

365 3611 395 3674 δὲ
409 3609 486 3675 οὐδὲν
500 3607 537 3674 ἀν
552 3635 600 3688 μοι
614 3611 733 3687 γένοιτο.
757 3610 833 3675 Οὐδὲ
848 3611 906 3689 yolo
922 3609 1005 3680 θθεδς
1018 3615 1205 3688 ποοροιχοῆμοι
1215 3607 1329 3689 κολάζει
1337 3657 1347 3692 ,
1360 3610 1443 3672 ἀλλ’
1464 3601 1494 3619 *⁸

366 3721 462 3799 οιῖίτη
494 3723 562 3802 μέν
597 3725 703 3790 ἐστιν
732 3723 947 3805 ἀνθρωπίνη
979 3723 1080 3797 δίκη.
1114 3721 1304 3801 Πολλοοχθθεν
1334 3721 1358 3784 δ’
1385 3721 1447 3802 ἔχω

364 3838 588 3917 τεκμκιρθμενος
610 3837 747 3918 είκοίζειν,
770 3839 836 3919 δρῶν
857 3838 907 3902 κοιί
930 3837 1038 3916 ἑτέρους
1060 3831 1243 3912 ἠσεβηκότος
1261 3833 1447 3932 χοθνωδεδω-

365 3951 454 4023 κθτοος
474 3950 568 4033 δίκην,
588 3949 638 4015 κοοί
653 3950 718 4023 τοὺς
733 3949 766 4026 ἐξ
781 3951 890 4016 ἐκείνων
901 3951 949 4016 διά
959 3950 1000 4016 τά
1011 3955 1066 4014 τοῖν
1077 3947 1218 4029 προγόνων
1229 3948 1446 4026 ἀμοιρτιίμοοτω.

410 4063 482 4129 Non
505 4064 584 4128 lanio
607 4085 676 4128 oum
700 4063 889 4130 Ilranokenio
909 4087 939 4149 p.
957 4067 998 4128 49
1016 4069 1170 4127 statuente
1186 4070 1321 4125 monstra
1336 4060 1390 4125 illa
1406 4063 1445 4133 είς

364 4179 407 4244 τά
437 4178 645 4257 ἀμοιοτήμοιτοο
675 4179 721 4242 ἐπί
752 4187 789 4259 τῇ
819 4181 876 4258 ε’μηῖ
903 4178 1046 4260 προφοίσει
1070 4197 1134 4240 esse
1156 4175 1223 4258 ipsa
1245 4174 1338 4238 verba
1361 4175 1445 4253 eins,

366 4290 422 4374 qni
446 4290 524 4354 hano
547 4290 715 4355 orationem
739 4291 952 4377 composuerit.
978 4289 1031 4353 Nil
1048 4290 1128 4352 enim
1144 4309 1252 4352 causae
1268 4286 1371 4364 video,
1389 4309 1446 4350 onr

366 4425 453 4482 eum,
477 4425 569 4488 quem
591 4403 715 4468 minime
738 4403 906 4490 elegantem
929 4401 1024 4466 fuisse
1045 4400 1133 4464 laoile
1156 4399 1318 4500 oonoedos
1332 4408 1446 4487 statua·

1649 1339 1670 1422 l
