3364 5502
367 567 408 627 20
821 581 935 625 murro
958 581 988 625 r.

410 761 454 824 Ut
477 762 556 826 ratio
580 767 750 837 constaret,
774 760 841 839 τρόω
863 761 923 822 iam
942 783 958 823 a
975 760 1129 844 Scaligero
1144 759 1177 822 in
1193 766 1310 824 textum
1326 759 1448 824 illatum

364 880 428 950 cst,
454 883 534 937 recto
558 873 701 956 quidem,
726 871 796 950 sed,
821 882 856 935 ut
881 873 956 936 mihi
973 872 1110 949 videtur,
1126 871 1193 935 loco
1210 873 1311 936 minus
1328 872 1448 936 idoneo.

366 984 468 1048 Multo
492 1008 600 1069 nempe
624 986 744 1049 facilius
766 1007 912 1049 numerus
937 985 1073 1050 excidero
1099 986 1217 1069 potuit,
1244 986 1268 1048 si
1285 987 1449 1050 statuimus

364 1097 487 1182 Lysiam
522 1097 677 1181 scripsisse
707 1099 774 1176 τρόοι
803 1098 853 1161 κοιὶ
884 1100 1054 1177 τοιόκοντκ,
1090 1107 1120 1160 et
1151 1097 1268 1162 librarii
1299 1099 1403 1162 oculos
1432 1121 1449 1161 a

366 1211 465 1295 priora
499 1212 566 1291 apta
602 1211 639 1273 ad
675 1209 805 1273 alterum
840 1234 950 1286 τοιω-
977 1210 1171 1274 aberravisse.
1218 1209 1334 1274 Eodem
1359 1211 1449 1274 modo

364 1323 557 1406 Epitomator
582 1324 671 1385 huius
695 1321 858 1396 orationis,
887 1323 941 1406 qui
965 1325 1158 1408 ceteroquin,
1186 1345 1369 1408 quocunque
1385 1331 1451 1387 tan·

364 1435 434 1499 dem
467 1457 504 1498 ex
538 1436 640 1512 toute,
668 1435 714 1499 δύο
741 1435 790 1499 κοιδ
818 1433 972 1514 τριόκοντω
996 1446 1027 1500 ct
1051 1436 1156 1520 paullo
1179 1447 1249 1520 post
1273 1436 1449 1511 δωδεκωέικς

364 1549 472 1624 habet,
505 1550 651 1611 minorem
684 1569 845 1612 numerum
876 1549 982 1612 maiori
1006 1549 1190 1633 anteposuit.

407 1663 423 1746 t
452 1665 500 1724 10.
550 1659 619 1726 Οὐδ’
640 1661 730 1731 εἴτις
757 1661 856 1724 νικῖδοι
877 1660 1036 1737 ἕξοιγοιγὼν
1059 1663 1200 1741 ληφόεόκ,
1214 1659 1312 1726 cantv
1327 1662 1452 1742 Φότκοις

367 1775 454 1839 κότον
485 1775 709 1853 avisamenta
740 1771 828 1848 εἷνωι,
861 1773 939 1853 εἴπερ
971 1779 1073 1853 μωχεῒ
1099 1782 1159 1846 τοῖς
1191 1775 1342 1849 όνόμοιοιν,
1370 1775 1454 1839 aaa&

366 1891 408 1963 μὴ
431 1893 491 1958 τοῖς
514 1888 605 1967 ἔργοις
628 1888 676 1951 τὸν
699 1892 759 1951 νοῦν
782 1886 944 1967 προσέξεις,
970 1884 1005 1951 ὧν
1028 1885 1111 1951 {facua
1135 1888 1175 1952 τόι
1194 1887 1325 1963 όνόοιοιτω
1341 1887 1450 1960 πιόντες

369 2001 504 2065 τόόεντοιι.

415 2113 559 2196 Suspicor
589 2111 712 2195 Lysiam
742 2112 897 2195 scripsisse
921 2111 1052 2193 ἐξόγων,
1078 2135 1219 2196 praesens
1243 2135 1297 2198 pro
1321 2115 1454 2190 aorist03

368 2225 407 2288 ad
431 2224 655 2288 undecimviros
679 2225 776 2300 enim,
802 2223 840 2287 de
864 2224 976 2307 quibus
1000 2224 1050 2287 hic
1074 2247 1172 2289 sermo
1196 2235 1262 2303 est,
1282 2225 1454 2302 οὶιτόγετόιιι

369 2337 509 2402 solebant
548 2337 586 2413 ii,
631 2337 684 2422 qui
722 2338 755 2400 in
789 2337 950 2400 manifesto
985 2337 1096 2402 delicto
1131 2338 1311 2423 deprehensi
1347 2349 1450 2416 erant,

370 2450 453 2534 quod
485 2451 639 2514 indicatur
662 2457 798 2534 tempore
822 2453 990 2534 praesenti,
1015 2474 1076 2516 non
1102 2453 1224 2516 aoristo.
1261 2452 1455 2536 Epitomator

369 2585 508 2647 quoque,
545 2563 684 2647 quamvis
718 2586 780 2626 nou
816 2563 947 2626 multum
972 2565 998 2625 ei
1020 2566 1053 2626 in
1078 2565 1191 2627 talibus
1219 2564 1369 2640 tribuam,
1396 2566 1455 2628 uti·

369 2688 421 2740 tur
451 2675 555 2751 ἐξῆγεν
586 2686 723 2759 tempore
754 2676 941 2759 imperfecto.
991 2674 1104 2737 'Eodem
1126 2675 1217 2738 modo
1246 2677 1276 2739 in
1306 2675 1452 2742 Oratione

370 2798 475 2854 contra
508 2791 677 2873 Agoratum
705 2791 721 2873 ξ
745 2790 784 2854 67
810 2788 986 2872 legebatur:
1011 2789 1114 2851 ἐκεῖθεν
1137 2788 1165 2852 δὲ
1189 2790 1342 2864 τιιιδότκνν
1361 2793 1456 2865 οέττῆς

371 2902 567 2978 ἐξωγκγὼν
590 2903 760 2983 artaxem,
785 2901 838 2965 ubi
863 2899 997 2964 Oobetus
1019 2900 1057 2964 ad
1075 2900 1237 2985 Hyperidis
1254 2902 1455 2987 Epitaphium

372 3040 400 3102 p.
434 3020 473 3078 41
508 3024 537 3079 et
568 3038 667 3099 nuper
698 3017 730 3079 in
762 3015 905 3078 Editiorre
937 3023 1016 3078 recte
1049 3014 1184 3078 restituit
1207 3015 1339 3093 ἕὲόγων,
1365 3038 1457 3100 quem

371 3127 645 3193 Rauchensteinius
670 3137 700 3192 et
727 3127 945 3192 Herwerdenus
969 3128 1066 3190 secuti
1090 3139 1171 3191 suut.

423 3245 439 3327 ξ
467 3245 517 3305 ll.
565 3242 672 3307 Οὑτοσὶ
697 3240 755 3322 γόρ
779 3264 826 3318 μοι
851 3241 927 3304 δοκεῖ
948 3242 1155 3318 ὑτὸρωόυμιόις
1168 3242 1218 3305 nai
1233 3245 1387 3319 μοικκκίκς
1404 3244 1459 3307 οὐδ’

371 3358 411 3426 εἷς
433 3355 546 3432 Ἄρειον
569 3355 667 3431 τόγον
693 3352 928 3430 όνοιβεβκκένοιι.
958 3354 1072 3426 [lat-ree
1095 3356 1155 3434 γόιρ
1179 3355 1336 3419 ἑτόοτοιοόε
1361 3353 1403 3420 ότι
1428 3357 1459 3419 ἕν

374 3468 468 3548 ἐκείνῳ
489 3470 529 3547 τῷ
551 3469 664 3548 χωρίῳ,
688 3465 758 3531 ότοιν
780 3467 835 3537 τὰς
859 3473 909 3529 τοῦ
932 3465 1019 3547 Φόνου
1043 3467 1124 3536 δίκιιι
1148 3467 1338 3547 δικόζωντωι,
1362 3471 1394 3533 οὐ
1411 3469 1458 3533 διόι

374 3581 475 3647 τούτου
505 3585 556 3645 τ.ῦ
586 3580 725 3656 όνόμοιτος
755 3578 811 3649 τόις
841 3579 994 3655 διωμοσιόος
1021 3587 1183 3654 τοιοῦντοιι,
1208 3582 1293 3645 aitte
1316 3581 1350 3647 δι’
1373 3579 1459 3662 οὗπερ

375 3696 432 3772 ἐγὼ
462 3701 557 3764 κοικῶς
584 3694 712 3768 οὶκνόκοοι·
744 3694 757 3758 ό
782 3693 834 3770 μὲν
857 3693 916 3773 yar
940 3693 1042 3757 διόκων
1064 3697 1100 3765 ὡς
1123 3694 1228 3760 ἔκτεινε
1252 3695 1418 3771 διόμνντοιι,
1443 3696 1456 3760 ό

374 3809 403 3872 δὲ
425 3808 545 3890 φεύγων
567 3809 603 3878 ὡς
627 3808 677 3871 οὐκ
698 3807 836 3871 ἔκτεινεν.
862 3809 973 3872 Οὐκοῦν
997 3805 1103 3870 ἄτοπον
1126 3805 1162 3871 ἂν
1186 3807 1227 3882 εἴη
1255 3808 1384 3893 (excidit
1398 3830 1461 3872 ver·

374 3920 448 3984 bum
484 3942 511 3982 e.
547 3943 576 4004 g.
612 3919 808 4002 ἀποφεύγειν)
837 3919 885 3983 τὸν
909 3919 1036 3993 δόξκντω
1058 3928 1167 3984 κτεῑνκι
1190 3921 1346 4000 φότκοντοι
1368 3921 1462 4000 aitpo-

373 4035 458 4118 Φόνον
480 4029 568 4111 εἶνοιι,
593 4032 634 4098 ότι
659 4036 672 4099 ό
695 4034 812 4114 διώκων,
837 4036 872 4104 ὡς
896 4032 1018 4112 ἔκτεινε,
1042 4032 1091 4097 τὸν
1114 4035 1267 4116 Φεύγοντοι
1284 4035 1461 4112 διωμόσατο.

374 4151 416 4214 Τό
434 4154 493 4228 pap
517 4156 634 4222 τοῦτο,
659 4145 694 4212 ὧν
717 4146 797 4220 οὗτος
821 4151 892 4228 ἐρεῖ,
917 4148 1063 4226 διωφέρει,

419 4262 484 4324 Iam
508 4260 716 4324 Franckcnius
740 4260 960 4324 demonstravit
983 4283 1012 4343 p.
1039 4263 1055 4323 7
1061 4263 1098 4336 5,
1123 4259 1214 4324 verba
1237 4258 1279 4324 ότι
1303 4262 1316 4326 ό
1339 4261 1457 4344 διώκων,

375 4377 412 4445 ὡς
436 4373 543 4437 ἔκτεινε
565 4373 613 4436 τὸν
637 4375 790 4452 φεύγοντω
812 4374 973 4448 διωμόσατο
998 4395 1059 4436 nou
1086 4393 1150 4436 esso
1174 4373 1250 4437 berre
1274 4375 1390 4438 Graeca
1407 4397 1461 4459 pro
