3364 5502
662 589 777 633 omnm
800 588 842 632 vr.
1105 635 1108 644 ,
1255 574 1295 635 lt

215 795 284 836 mus
307 777 408 835 mente
432 776 554 853 captum
578 742 682 830 fiisse.
718 765 770 830 Me
793 765 895 830 iudice
910 765 995 830 locus
1011 767 1119 830 misere
1135 774 1298 853 corruptus

215 894 276 962 est,
300 905 400 968 neque
424 905 460 946 cx
484 889 595 965 magno
618 901 746 944 numero
769 879 1033 957 coniecturarum,
1058 879 1171 963 quibus
1194 882 1298 946 aviris

216 998 315 1062 doctis
339 1003 476 1061 tentatus
501 1001 562 1071 est,
588 993 652 1057 ulla
675 993 769 1077 digna
792 992 931 1070 videtur,
956 995 1089 1077 quaein
1113 1002 1231 1058 textum
1248 995 1299 1060 ad·

218 1112 368 1175 mittatur.
411 1107 477 1192 Ego
501 1129 623 1191 quoque
646 1128 771 1169 manum
794 1105 833 1169 ab
856 1106 894 1168 iis
917 1106 1072 1185 abstineo,
1098 1108 1175 1171 vires
1198 1109 1299 1192 potius

215 1230 394 1308 experturus
417 1221 449 1285 in
474 1219 691 1304 sequentibus,
715 1219 769 1282 ubi
793 1217 854 1282 duo
877 1215 1052 1296 offendunt,
1070 1219 1186 1284 scilicet
1200 1219 1254 1286 ιιοιι’
1268 1229 1298 1286 et

213 1334 284 1400 ἄλλ’
308 1332 383 1407 αὕτη
410 1334 464 1409 μέν
491 1335 568 1398 εὀπιν
590 1332 746 1412 ἀνθρωπίνη
770 1330 847 1408 δίκη,
872 1352 1001 1414 quorum
1030 1332 1109 1396 illud
1135 1333 1168 1397 in
1191 1335 1300 1399 οὖτίκνι

210 1446 409 1524 mutandum,
434 1446 493 1509 hoc
516 1445 680 1508 delendum
706 1443 835 1508 videtur.
871 1443 958 1508 Prior
974 1446 1149 1510 coniectura
1165 1469 1200 1511 eo
1216 1469 1298 1512 com·

210 1559 391 1637 mordetur,
423 1559 507 1642 quod
538 1559 581 1621 sic
604 1557 778 1622 restituitur
800 1556 849 1635 id,
875 1557 958 1642 quod
982 1560 1135 1623 sententia
1157 1560 1294 1645 flagitat:

212 1681 295 1738 actor
326 1674 406 1736 enim
436 1681 539 1756 sperat
571 1670 695 1754 quidem
726 1669 916 1734 Andocidem
947 1671 1050 1734 rtatim
1072 1693 1184 1756 poenas
1207 1672 1297 1736 datu·

213 1809 300 1864 rum,
331 1807 394 1848 non
430 1806 499 1848 vero
535 1785 646 1848 mirum
670 1782 728 1847 sibi
750 1783 815 1848 fore
838 1782 934 1860 dicit,
960 1783 985 1846 si
1008 1805 1056 1848 res
1078 1806 1140 1848 non
1164 1801 1202 1849 cx
1225 1793 1295 1849 voto

216 1897 375 1975 succedat,
404 1919 475 1960 nam
506 1897 544 1961 ne
575 1895 666 1960 deum
701 1895 825 1979 quidem
859 1897 963 1960 statim
996 1897 1145 1960 maleficia
1180 1898 1299 1986 ulcisci.

218 2010 362 2086 Accedit,
388 2009 470 2093 quod
495 2010 546 2073 nat
569 2010 701 2072 otiosum
725 2015 787 2085 est,
809 2017 839 2072 et
862 2030 954 2092 qnam
977 2009 1066 2074 facile
1090 2011 1303 2076 civitatetua

217 2125 250 2188 in
274 2123 362 2188 οὗτοι
382 2123 434 2188 aci
453 2122 535 2186 abire
559 2123 694 2206 potuerit
716 2122 931 2206 unusquisque
950 2122 1042 2186 videt.
1079 2122 1180 2188 Verba
1195 2147 1301 2209 porro,

220 2258 297 2320 quae
321 2257 480 2320 expungo,
506 2237 577 2299 ἀλλ’
600 2233 674 2310 adra
697 2235 751 2312 μέν
775 2236 852 2299 εὀπιν
874 2235 1029 2315 ἀνθρωπίνη
1053 2237 1114 2312 διίιη
1141 2239 1304 2302 interrum-

222 2356 301 2434 punt
332 2349 419 2412 filum
449 2347 613 2424 orationis,
644 2346 894 2430 necquidquam
924 2348 1079 2433 pertinent
1102 2350 1140 2414 ad
1163 2359 1302 2416 nostrum

221 2463 341 2538 locum3
367 2467 471 2524 contra
493 2461 604 2524 mirum
628 2466 778 2543 quantum
806 2460 889 2524 olent
911 2460 956 2546 pii
978 2451 1110 2525 hominis
1134 2464 1306 2528 annotatio·

221 2597 308 2653 nem,
341 2575 394 2659 qui
426 2595 514 2658 aegre
545 2573 653 2651 terret,
681 2574 849 2637 humanum
872 2573 1021 2637 iudicium
1046 2576 1214 2660 comparari
1236 2599 1305 2640 cnm

221 2687 347 2752 consilio
372 2687 439 2752 Dei.

264 2803 344 2885 §33
370 2803 421 2884 (η).
467 2803 518 2873 Εἰς
548 2806 665 2866 τοσοῦτο
695 2801 720 2864 δ’
742 2800 954 2881 ἀναισχυντίας
986 2804 1133 2884 οὶφῖκποιι,
1156 2801 1230 2867 ὥστε
1253 2805 1303 2867 uui

221 2913 476 2994 ποιροιοκενοὶζεποοι
506 2913 547 2977 ποι
578 2914 717 2977 πολιτικὰ
746 2913 884 2994 ποοὶτπειν
914 2913 964 2979 xci
995 2915 1046 2990 ἤδη
1077 2915 1234 2995 δημηγορεῖ
1253 2917 1302 2981 aci

221 3030 344 3110 ἐπιτιμᾷ
374 3026 437 3090 xci
468 3025 757 3106 ἀποδοκιμάζει
789 3031 845 3090 πῶν
873 3028 1022 3107 ἀρχόντων
1048 3029 1125 3104 rici,
1156 3029 1206 3093 xci
1230 3053 1304 3107 ονμ-

220 3140 354 3218 βουλεύει
377 3146 434 3202 cet.

267 3251 376 3335 Neque
405 3251 627 3330 ἀποδοκιμάζειν
657 3273 727 3314 cum
759 3250 862 3315 dativo
891 3253 1096 3330 construitur,
1120 3275 1219 3338 neque
1241 3276 1306 3318 ver·
1372 3316 1375 3321 ,

224 3366 296 3430 bum
320 3375 366 3428 est
389 3364 649 3428 accommodatum
673 3364 745 3427 huic
768 3363 846 3427 loco.
883 3363 1014 3429 Videtur
1036 3365 1177 3430 additum
1192 3388 1258 3430 esse
1272 3367 1305 3430 in

224 3500 327 3543 eorum
358 3476 505 3568 gratiam,
538 3477 591 3560 qui
621 3477 790 3554 nescirent,
823 3477 897 3560 quid
929 3486 1008 3542 esset
1038 3481 1194 3556 ε’πιπιμοῖν,
1223 3479 1306 3562 quod

224 3591 364 3666 verbum,
389 3591 499 3654 mirum
523 3591 624 3668 dictu,
649 3589 807 3653 Graeculis
833 3591 986 3654 molestias
1007 3592 1137 3677 peperit,
1163 3599 1199 3656 ut
1222 3599 1307 3676 patet

224 3727 259 3770 cx
291 3704 406 3769 scholio
437 3702 476 3767 ad
498 3703 595 3767 Thac.
620 3702 677 3796 IV,
702 3705 759 3768 27:
784 3705 938 3779 ἐπιτιμῶν·
962 3705 1114 3781 ἕνκονλῶν,
1138 3705 1306 3788 ε’πιμεμφό·

223 3842 324 3897 μενος,
348 3816 491 3896 ὀνειδίζων.
514 3816 753 3896 Ἀποδοκιμοὶζειν
776 3823 878 3881 autem
905 3818 988 3902 apud
1015 3819 1236 3885 Grammaticos
1258 3827 1306 3884 sat

223 3931 398 4014 frequenter
421 3929 563 3993 occurrit.
1001 3945 1002 3948 ’

267 4045 285 4126 p
308 4047 349 4106 43
375 4043 432 4128 (†).
478 4042 579 4108 Ἀλλοὶ
601 4040 678 4117 λέξει
702 4040 743 4107 ὅτι
767 4043 895 4120 μηννπης
918 4039 1034 4119 ε’νένεπο
1050 4045 1097 4109 aa>
1114 4043 1205 4131 ’ἔτερος
1220 4046 1309 4120 οὐδεὶς

227 4156 294 4232 ὑμῖν
317 4155 442 4231 ἐθελήσει
465 4155 598 4236 μηνύειν,
612 4156 673 4220 Ιεὀὶν
695 4153 847 4234 κολάζητε.

271 4282 388 4368 Supple
417 4284 467 4348 ἐνὶν
498 4259 543 4347 dir
576 4284 609 4366 (i.
634 4306 660 4348 e.
684 4285 785 4370 οὐτὸν)
807 4285 959 4366 κολάζητε.
994 4285 1135 4351 Naberus
1158 4295 1310 4373 praeterea

227 4396 303 4484 legit
326 4393 440 4477 ὕστερον
462 4418 518 4481 pro
541 4395 643 4478 ἕτερος.
