3364 5502
680 555 794 598 omnio
818 554 888 598 xm.
1287 539 1328 597 23
1355 597 1356 602 ,

287 735 358 800 Non
391 758 478 820 aegre
508 736 632 811 ferrem,
666 733 691 796 si
723 732 841 797 abesset
870 734 965 796 αὐτῶν
994 739 1063 815 post
1087 731 1215 814 παῖδας,
1240 740 1275 796 ut
1298 733 1332 798 in

240 851 257 933 ξ
281 853 322 913 36
355 849 449 914 huius
480 849 644 924 madenia,
678 846 731 910 ubi
763 846 891 929 legitur:
916 847 965 909 οὐκ
988 845 1046 924 ίίρα
1068 847 1126 926 χρὴ
1151 847 1256 918 αὐτοὺς
1279 846 1342 911 καί·

148 986 150 990 ·
242 964 308 1035 τοὺς
339 964 452 1034 παῖδας
483 965 536 1045 ὑφ’
557 963 634 1040 ὑμῶν
661 967 727 1032 ταῖς
751 960 897 1040 εὀχάταις
921 958 1037 1038 ζημίαις
1060 959 1250 1039 κολάζεσθαις
1276 960 1355 1023 sed'

243 1077 301 1140 hoe
326 1077 452 1140 minoris
476 1076 625 1139 momenti
648 1081 703 1138 est.
752 1073 882 1136 Gravius
908 1072 1016 1136 vitium
1040 1073 1149 1136 ultima
1172 1073 1262 1137 verba
1285 1075 1330 1137 in·

239 1191 315 1253 vasit
350 1190 420 1254 inde
455 1191 492 1255 ab
523 1191 619 1264 ἐπειδη
649 1189 756 1263 τοίνυν,
789 1209 883 1271 quae,
916 1198 951 1250 ut
986 1188 1018 1251 in
1042 1187 1145 1250 codice
1168 1187 1325 1271 leguntur,

240 1314 313 1367 sunt
345 1327 451 1380 arena,
483 1311 519 1366 ut
542 1304 646 1379 aiunt,
671 1302 736 1364 sine
760 1301 852 1366 ealce.
898 1299 968 1363 Non
994 1300 1129 1364 multum
1154 1302 1329 1384 proficimus

234 1417 395 1480 inserendo
427 1419 526 1491 ἱκανην
558 1423 628 1479 ante
656 1417 705 1479 οὐκ
737 1411 789 1490 άνς
825 1413 901 1498 quid
925 1413 1004 1476 enim
1029 1414 1199 1497 significent
1230 1413 1327 1491 ἥντινά

236 1554 280 1600 τις
310 1531 444 1606 βούλοιτο
477 1532 559 1609 ταρίι
593 1527 699 1593 τούτων
735 1526 919 1604 λαμβάνειν,
955 1526 1119 1590 nemodum
1151 1529 1323 1611 explicavit.

236 1642 388 1727 Equidem
415 1665 522 1707 censeo
547 1644 637 1726 longe
658 1643 716 1705 alia
733 1640 882 1704 medicina
898 1639 1008 1723 Lysiae
1025 1661 1101 1723 opus
1118 1663 1199 1717 esse,
1218 1663 1327 1725 nempe

236 1757 473 1840 transpositione
498 1756 657 1820 verborum
682 1752 779 1830 ἥντινά
802 1778 846 1824 τις
868 1753 1001 1828 βούλοιτο
1028 1750 1110 1832 ταρά
1126 1755 1233 1818 τούτων
1250 1770 1329 1830 λαμ·
1360 1789 1368 1814 ·.

235 1867 335 1943 βαίνειν
365 1878 435 1932 ante
466 1875 526 1940 τῶς
555 1872 606 1934 οὐκ
629 1867 765 1949 αίοχρόν,
790 1889 851 1950 qua
874 1865 1013 1929 adhibita
1035 1868 1203 1930 necessario
1232 1868 1323 1932 verba

236 1983 317 2061 ταρά
343 1983 450 2046 τούτοιν
471 1982 649 2059 λαμβάνειν,
675 1989 709 2044 ut
738 1979 899 2055 emblema,
925 1979 1071 2042 eiiciende
1096 1987 1195 2044 erunt.
1242 1977 1325 2044 Scri·

236 2095 330 2176 pserit
362 2095 456 2177 igitur
480 2093 603 2179 Lysias:
629 2093 725 2165 ἐπειδη
748 2090 838 2156 τοίνυν
861 2092 962 2156 πάντα
985 2097 1129 2162 ποιοῦντες
1154 2093 1232 2166 δίκην
1253 2095 1324 2174 παρ’

236 2210 330 2272 αὐτῶν
369 2211 418 2272 οὐκ
453 2206 488 2274 άν
522 2209 651 2272 δύναισθε
686 2207 810 2283 λαβεῖν,
846 2204 944 2278 ἥντινά
978 2229 1021 2276 τις
1052 2205 1184 2280 βούλοιτο
1226 2207 1324 2290 [ταρόι

235 2319 343 2385 τούτων
370 2321 569 2404 λαμβάνειν],
602 2327 662 2391 τάς
693 2323 742 2383 οὐκ
769 2319 890 2397 αἰσχρόν
921 2318 988 2394 ὑμῖν
1019 2318 1067 2380 καί
1100 2322 1224 2394 ἡντινοῦν
1254 2323 1327 2384 άτο-

235 2441 353 2510 λιτείν;
390 2433 436 2497 De
468 2434 566 2496 verbis
597 2431 696 2507 ἥντινά
728 2456 771 2502 τις
799 2430 934 2508 βοόλοιτο
958 2431 995 2494 cf.
1021 2452 1047 2494 v.
1073 2454 1098 2494 c.
1124 2439 1176 2494 Ar.
1201 2432 1325 2498 'Iheam

237 2568 281 2608 vs.
307 2547 382 2610 8⁷2.

348 2912 499 2976 Oannio
527 2911 621 2976 XIII.
668 2914 775 2978 Κατόι
797 2914 994 2994 Ἀγοράτου
1018 2914 1211 2992 ἐνδείξεως.

278 3117 295 3200 ξ
319 3119 336 3176 5
362 3119 414 3200 (†).
461 3117 579 3190 Ἐτειδη
610 3115 669 3195 γάρ
698 3115 730 3178 αἱ
754 3124 815 3190 νῆες
840 3117 875 3196 αἱ
898 3116 1034 3195 ὑμέτεραι
1058 3116 1249 3198 διεφθάρησαν
1274 3121 1322 3184 ναί

234 3229 275 3294 τά
299 3229 470 3309 πράγματα
495 3232 532 3294 ἐν
554 3238 598 3308 τη
623 3229 735 3292 πόλει
759 3229 950 3308 άοόενίοτερα
973 3230 1146 3311 ἐγεγένητο,
1170 3235 1201 3296 οὐ
1223 3236 1323 3313 τολλῷ

233 3341 325 3422 χρόνῳ
356 3340 470 3422 ὕστερον
502 3341 537 3405 αί
563 3366 597 3406 τε
628 3349 691 3415 νῆες
722 3342 754 3404 αἱ
785 3343 1019 3419 Λακεδαιμονίων
1049 3343 1096 3407 ε’τὶ
1127 3345 1174 3408 τόν
1201 3350 1324 3425 Πειραιοῖ

233 3457 441 3538 άφικνοῦνται,
473 3455 524 3518 καί
555 3451 623 3530 άμα
651 3453 732 3530 λόγοι
766 3455 833 3535 πρὸς
858 3455 1101 3533 Λακεδαιμονίους
1131 3459 1193 3536 περί
1217 3460 1323 3538 είριίνης

233 3567 390 3644 ἐγίγνοντο.
425 3569 475 3633 Ἑν
498 3568 525 3632 δὲ
549 3571 589 3648 τῷ
611 3567 703 3648 χρόνῳ
726 3568 817 3647 τούτῳ
840 3569 864 3633 οί
886 3568 1054 3645 βουλόμενοι
1079 3569 1200 3649 νεώτεροι
1224 3571 1323 3651 τράγ-

233 3705 320 3756 ματα
344 3684 371 3746 ἐν
397 3692 434 3762 τῇ
458 3682 542 3746 τόλει
565 3682 719 3758 γίγνεσθαι
743 3680 934 3758 ἕτεβοόλενον
957 3683 1018 3746 κτὲ.

281 3794 382 3858 Verba
408 3796 437 3858 ἐν
463 3805 500 3875 τῇ
529 3795 612 3858 τόλει
635 3794 768 3856 insiticia
792 3803 874 3856 sunt.
911 3794 1042 3858 Addidit
1065 3817 1100 3858 ea
1124 3818 1159 3860 ex
1184 3797 1221 3860 iis
1245 3821 1324 3882 quae

232 3907 335 3970 statim
361 3914 533 3990 sequuntur
558 3908 660 3970 nescio
685 3908 771 3990 quis,
797 3907 850 3990 qui
874 3907 1036 3991 ignorabat
1059 3908 1151 3973 verba
1169 3912 1211 3975 τά
1227 3912 1321 3993 τράγ-

230 4044 318 4094 ματοι
340 4019 530 4100 άοόενίοτερα
553 4018 709 4096 ἐγεγένητο
733 4042 797 4083 esse
822 4021 1064 4104 euphemismum
1088 4044 1143 4106 pro
1169 4024 1210 4088 τά
1225 4027 1322 4104 τράγ·

229 4156 317 4211 ματα
350 4131 517 4213 διέφθαρτο,
544 4140 579 4195 ut
602 4133 663 4196 fere
687 4131 725 4196 de
749 4125 851 4196 eadem
876 4155 908 4196 re
931 4133 1069 4217 loquitur
1092 4135 1266 4220 Xenophon
1290 4139 1322 4203 in

232 4245 401 4310 Hellenieis
430 4244 481 4322 II,
509 4248 546 4323 l,
572 4248 633 4310 29:
658 4245 750 4310 Κόνων
773 4283 818 4294 -
841 4246 903 4311 ἕτεί
929 4245 1001 4323 ἔγνω
1026 4254 1080 4312 τῶν
1105 4249 1259 4322 Ἀθηναίων
1282 4253 1322 4317 τά

230 4359 402 4439 πράγματα
432 4358 634 4441 διεφθαρμένα.
681 4359 788 4439 Quum
823 4360 904 4423 enim
936 4360 1026 4423 modo
1049 4366 1254 4446 'praecesserit
1286 4370 1317 4434 αί
