3364 5502
685 611 801 656 orario
823 611 875 692 ux.
1270 579 1324 658 ¹tt

237 793 370 858 Profecit
392 793 541 876 interpres
565 813 600 856 ex
623 793 641 875 t
663 794 723 868 44,
750 791 804 856 ubi
819 791 965 875 leguntur
981 792 1073 856 haec:
1098 791 1189 857 νοοὶοὺ
1203 808 1321 874 προσλο-

235 907 376 988 γοζόροεόοο
398 905 454 972 dcc
475 908 563 977 οὗτὸς
587 908 615 970 ἒν
639 906 742 986 Κύπρῳ
765 905 838 986 ἔσχε
860 905 1049 984 Νικόφημος,
1065 905 1150 981 οὔσης
1167 908 1247 988 αὐτῷ
1259 909 1321 971 ἐκεῖ

235 1021 371 1098 νυνοοννός
402 1021 451 1082 aul
482 1019 641 1097 όνροοτρόρε
670 1040 749 1102 quae
772 1017 810 1081 de
833 1017 960 1081 Conone
984 1018 1075 1082 habet
1098 1018 1135 1082 de
1159 1041 1215 1082 suo
1240 1019 1321 1084 adio·

236 1133 312 1197 cisse
335 1132 464 1196 videtur.

279 1247 296 1330 t
318 1247 371 1309 45.
418 1244 578 1309 Scheibius
603 1243 715 1307 edidit:
741 1245 872 1320 Ἀκήκοοο
891 1244 951 1325 aa,
967 1242 1065 1321 ἔγωγε
1080 1244 1129 1310 aa)
1145 1249 1197 1308 ποῦ
1212 1245 1322 1323 ποοτρόρ

198 1340 200 1344 .
234 1359 284 1423 κοοὶ
321 1357 421 1423 ἄλλον
453 1357 670 1441 πρεσβυτέρων,
702 1355 745 1446 ότι
775 1360 807 1423 οὐ
837 1364 885 1423 νῦν
915 1358 999 1434 μόνον
1028 1357 1112 1422 ettad
1143 1359 1192 1422 acl
1223 1360 1252 1422 ἐν
1282 1359 1323 1436 τῷ

235 1472 392 1549 ἐμπρόσόεν
414 1472 507 1552 χρόνῳ
529 1474 645 1536 πολλῶν
669 1472 828 1551 ἐψεύσθητε
851 1481 903 1546 τῆς
926 1469 1043 1546 odrice,
1071 1472 1122 1534 κοοὶ
1144 1470 1247 1552 ζῶντες
1269 1471 1323 1548 μὲν

234 1592 369 1650 πλουτεῖν
404 1585 530 1660 ἐδόκουν,
566 1585 757 1656 ἀποθανόντες
791 1585 820 1649 δὲ
855 1585 930 1648 πολὺ
965 1584 1047 1663 ποοροὶ
1078 1585 1130 1658 τὴν
1157 1582 1242 1660 δόξαν
1269 1586 1321 1659 τὴν

235 1701 377 1779 ὑμετέραν
400 1699 563 1780 ἕφοόννοοον.

277 1813 382 1877 Minus
414 1822 494 1877 recte
525 1811 661 1876 Oobetus
684 1813 841 1896 vulgatam
864 1811 982 1893 πρόσόεν
1007 1812 1132 1875 admisit
1154 1833 1210 1896 pro
1233 1811 1323 1876 Pala·

232 1927 290 1991 tini
322 1927 435 1991 codicis
460 1927 591 1991 lectione
614 1927 787 2006 ἔμπροσθεν,
813 1926 900 1990 cuius
924 1925 1036 1990 codicis
1060 1926 1150 1994 fidem
1174 1934 1255 1990 recte
1278 1948 1323 1990 se·

233 2041 338 2124 quitur
360 2041 394 2105 in
417 2042 434 2125 t
457 2045 508 2105 tt.
553 2039 625 2104 Iure
648 2062 719 2103 vero
743 2041 949 2103 coniecturam
972 2039 1111 2123 Taylori,
1132 2040 1322 2104 restituentis

232 2152 260 2218 οἵ
288 2176 342 2238 pro
373 2154 443 2236 κοοό,
474 2175 492 2216 a
522 2152 647 2216 Reiskio
679 2161 710 2216 et
742 2154 865 2236 Augero
897 2153 929 2215 iu
960 2151 1121 2216 Editiones
1148 2161 1320 2236 receptam,

234 2267 287 2330 sed
323 2290 339 2330 a
366 2267 588 2331 recentioribus
613 2267 781 2331 editoribus
805 2267 994 2350 neglectam,
1019 2266 1121 2330 denuo
1145 2267 1177 2329 in
1202 2274 1321 2332 textum

130 2455 133 2461 Ι
233 2380 366 2445 admisit.
413 2379 473 2444 Sed
497 2387 650 2465 praeterea
674 2381 749 2444 mihi
772 2388 949 2464 suspectum
972 2388 1018 2443 est
1032 2381 1147 2458 οὐοόοοο,
1165 2403 1235 2445 nam
1255 2403 1319 2444 ver-

230 2495 293 2558 bis:
317 2481 345 2559 οἳ
366 2494 469 2576 ζῶντες
492 2495 546 2572 μὲν
568 2503 703 2560 πλουτεῖν
726 2495 857 2572 ἐδόκουν,
883 2492 1074 2566 όποόοονόντες
1097 2495 1127 2558 δὲ
1149 2495 1320 2573 πολὺπορόν

232 2610 284 2684 τὴν
319 2609 404 2685 όόξοον
439 2609 609 2690 ἐφρόνησαν,
645 2609 718 2672 satis
753 2631 905 2694 superque
940 2609 1111 2686 indicatur,
1148 2609 1264 2693 quain
1287 2631 1320 2673 re

238 2723 442 2787 Athenienses
471 2722 538 2787 falli
561 2722 703 2788 solerent.
750 2724 878 2788 Accedit
902 2723 985 2808 quod
1008 2723 1055 2788 bis
1078 2723 1111 2788 in
1136 2723 1263 2800 vicinia,
1287 2722 1319 2787 in

233 2838 274 2921 §t
297 2839 338 2899 49
364 2845 395 2901 et
419 2841 479 2914 tl,
504 2837 586 2901 idem
609 2837 736 2901 verbum
759 2840 916 2917 ψευσόῆνοοο
940 2859 1009 2902 oum
1026 2837 1162 2922 genitivo
1175 2859 1320 2922 personae

232 2958 417 3033 usurpatum
447 2962 510 3026 est,
543 2971 604 3013 non
633 2949 739 3014 addito
762 2959 815 3024 τῆς
838 2951 937 3022 odrice
960 2951 1009 3015 vel
1033 2951 1127 3014 simili
1153 2949 1316 3026 vocabulo,

230 3083 300 3126 cum
331 3064 377 3127 his
410 3084 532 3148 quoque
563 3063 638 3127 locis
669 3064 743 3127 satis
774 3084 810 3127 er
841 3071 986 3128 contextu
1017 3072 1121 3148 pateat
1143 3085 1313 3128 sermonem

228 3197 293 3240 esse
324 3175 362 3241 de
392 3199 424 3240 re
454 3176 606 3241 familiari.
654 3177 797 3242 iudicent
827 3164 995 3262 peritiores.
1042 3177 1135 3258 Quod
1159 3178 1197 3241 ad
1220 3180 1237 3263 t
1260 3199 1311 3262 po-

228 3299 341 3354 strema
357 3290 447 3355 verba
463 3291 588 3368 attinet,
605 3312 667 3354 non
683 3290 806 3355 silentio
822 3293 1043 3375 praetereunda
1059 3291 1180 3356 videtur
1196 3291 1312 3356 Naberi

230 3404 380 3488 suspicio,
413 3405 469 3488 qui
498 3404 680 3468 vocabulum
713 3405 854 3488 aliquod,
880 3427 906 3469 v.
932 3426 958 3469 c.
982 3404 1142 3486 πενέστεροι
1166 3404 1314 3470 excidisse

231 3519 396 3584 existimat.

283 3970 436 4036 Oarrro
464 3971 535 4036 XX.
583 3973 689 4051 ’Ὑπὲρ
711 3972 992 4050 Πολυστράτου,
1015 3972 1127 4048 δήμου
1149 3994 1261 4035 aava

599 4085 737 4157 λύσεως
760 4086 957 4162 cecropia.

273 4309 436 4374 Versamur
458 4313 491 4376 in
515 4312 652 4376 oratione
680 4313 776 4397 magis
803 4312 892 4375 etiam
910 4333 1001 4394 quam
1018 4319 1152 4375 caeterae
1168 4308 1314 4394 Lysiacae

227 4423 443 4489 additamentis
475 4431 506 4489 et
536 4424 718 4510 corruptelis
749 4446 839 4490 omne
868 4446 965 4509 genus
989 4432 1190 4508 conspurcata
1213 4430 1243 4486 et
1265 4423 1312 4488 in·
