<?xml version="1.0" encoding="UTF-8"?>
<!DOCTYPE html PUBLIC "-//W3C//DTD XHTML 1.0 Transitional//EN"
    "http://www.w3.org/TR/xhtml1/DTD/xhtml1-transitional.dtd">
<html xmlns="http://www.w3.org/1999/xhtml" xml:lang="en" lang="en">
 <head>
  <title>
</title>
<meta http-equiv="Content-Type" content="text/html;charset=utf-8" />
  <meta name='ocr-system' content='tesseract 3.04.00' />
  <meta name='ocr-capabilities' content='ocr_page ocr_carea ocr_par ocr_line ocrx_word'/>
</head>
<body>
  <div class='ocr_page' id='page_1' title='image "./lectioneslysica00halbgoog_0022.png"; bbox 0 0 3364 5502; ppageno 0'>
   <div class='ocr_carea' id='block_1_1' title="bbox 663 579 1285 646">
    <p class='ocr_par' dir='ltr' id='par_1_1' title="bbox 663 579 1285 646">
     <span class='ocr_line' id='line_1_1' title="bbox 663 579 1285 646; baseline -0.006 0"><span class='ocrx_word' id='word_1_1' title='bbox 663 600 778 646; x_wconf 77' lang='lat' dir='ltr'>omrro</span> <span class='ocrx_word' id='word_1_2' title='bbox 800 600 836 644; x_wconf 88' lang='lat'>11.</span> <span class='ocrx_word' id='word_1_3' title='bbox 1268 579 1285 642; x_wconf 84' lang='grc'><strong>7</strong></span> 
     </span>
    </p>
   </div>
   <div class='ocr_carea' id='block_1_2' title="bbox 165 775 1315 2224">
    <p class='ocr_par' dir='ltr' id='par_1_2' title="bbox 194 775 1315 1884">
     <span class='ocr_line' id='line_1_2' title="bbox 246 775 1287 865; baseline -0.008 -18"><span class='ocrx_word' id='word_1_4' title='bbox 246 781 340 847; x_wconf 83' lang='lat' dir='ltr'>Recte</span> <span class='ocrx_word' id='word_1_5' title='bbox 363 780 483 846; x_wconf 89' lang='lat' dir='ltr'>codices</span> <span class='ocrx_word' id='word_1_6' title='bbox 505 781 534 844; x_wconf 85' lang='lat' dir='ltr'>G</span> <span class='ocrx_word' id='word_1_7' title='bbox 556 788 586 845; x_wconf 91' lang='lat' dir='ltr'>et</span> <span class='ocrx_word' id='word_1_8' title='bbox 603 779 631 844; x_wconf 89' lang='lat' dir='ltr'><strong>U</strong></span> <span class='ocrx_word' id='word_1_9' title='bbox 649 785 718 865; x_wconf 88' lang='lat' dir='ltr'>post</span> <span class='ocrx_word' id='word_1_10' title='bbox 734 777 933 860; x_wconf 70' lang='grc' dir='ltr'>ὑφισταμένου</span> <span class='ocrx_word' id='word_1_11' title='bbox 949 777 1088 840; x_wconf 84' lang='lat' dir='ltr'>inserunt</span> <span class='ocrx_word' id='word_1_12' title='bbox 1104 775 1287 861; x_wconf 78' lang='lat' dir='ltr'><strong>particulam</strong></span> 
     </span>
     <span class='ocr_line' id='line_1_3' title="bbox 205 890 1289 975; baseline -0.006 -16"><span class='ocrx_word' id='word_1_13' title='bbox 205 896 236 960; x_wconf 89' lang='grc' dir='ltr'><em>δέ</em></span> <span class='ocrx_word' id='word_1_14' title='bbox 242 921 252 972; x_wconf 89' lang='lat'>;</span> <span class='ocrx_word' id='word_1_15' title='bbox 284 895 334 959; x_wconf 92' lang='lat' dir='ltr'>hic</span> <span class='ocrx_word' id='word_1_16' title='bbox 366 896 446 959; x_wconf 88' lang='lat' dir='ltr'>enim</span> <span class='ocrx_word' id='word_1_17' title='bbox 477 894 641 958; x_wconf 78' lang='lat' dir='ltr'>inchoatur</span> <span class='ocrx_word' id='word_1_18' title='bbox 668 914 747 956; x_wconf 84' lang='lat' dir='ltr'>nove</span> <span class='ocrx_word' id='word_1_19' title='bbox 769 890 939 969; x_wconf 81' lang='lat' dir='ltr'>sententie,</span> <span class='ocrx_word' id='word_1_20' title='bbox 964 911 1042 975; x_wconf 82' lang='lat' dir='ltr'>queo</span> <span class='ocrx_word' id='word_1_21' title='bbox 1065 890 1109 953; x_wconf 89' lang='lat' dir='ltr'>sic</span> <span class='ocrx_word' id='word_1_22' title='bbox 1132 890 1289 975; x_wconf 89' lang='lat' dir='ltr'>interpun-</span> 
     </span>
     <span class='ocr_line' id='line_1_4' title="bbox 201 1003 1287 1094; baseline -0.005 -20"><span class='ocrx_word' id='word_1_23' title='bbox 201 1007 318 1094; x_wconf 78' lang='lat' dir='ltr'>geuda:</span> <span class='ocrx_word' id='word_1_24' title='bbox 344 1007 542 1090; x_wconf 65' lang='grc' dir='ltr'>ὑφισταμένου</span> <span class='ocrx_word' id='word_1_25' title='bbox 565 1007 589 1071; x_wconf 89' lang='grc' dir='ltr'>δ’</span> <span class='ocrx_word' id='word_1_26' title='bbox 611 1005 733 1084; x_wconf 80' lang='grc' dir='ltr'><em>οὐδενός,</em></span> <span class='ocrx_word' id='word_1_27' title='bbox 758 1004 843 1069; x_wconf 89' lang='grc' dir='ltr'>ἀλλά</span> <span class='ocrx_word' id='word_1_28' title='bbox 864 1009 920 1068; x_wconf 82' lang='grc' dir='ltr'><em>τῶν</em></span> <span class='ocrx_word' id='word_1_29' title='bbox 942 1004 996 1081; x_wconf 81' lang='grc' dir='ltr'>μέν</span> <span class='ocrx_word' id='word_1_30' title='bbox 1018 1003 1145 1069; x_wconf 84' lang='grc' dir='ltr'><em>ἀκόντων</em></span> <span class='ocrx_word' id='word_1_31' title='bbox 1161 1005 1287 1069; x_wconf 85' lang='grc' dir='ltr'><em>ὑπαιωυ-</em></span> 
     </span>
     <span class='ocr_line' id='line_1_5' title="bbox 199 1106 1286 1204; baseline -0.007 -16"><span class='ocrx_word' id='word_1_32' title='bbox 199 1122 302 1204; x_wconf 82' lang='grc' dir='ltr'><em>όντων,</em></span> <span class='ocrx_word' id='word_1_33' title='bbox 333 1106 390 1188; x_wconf 77' lang='grc' dir='ltr'><em>τῶν</em></span> <span class='ocrx_word' id='word_1_34' title='bbox 420 1121 444 1185; x_wconf 86' lang='grc' dir='ltr'>δ’</span> <span class='ocrx_word' id='word_1_35' title='bbox 462 1121 581 1186; x_wconf 80' lang='grc' dir='ltr'><em>ἑκόντων</em></span> <span class='ocrx_word' id='word_1_36' title='bbox 612 1116 793 1200; x_wconf 73' lang='grc' dir='ltr'><em>προδιδόντων</em></span> <span class='ocrx_word' id='word_1_37' title='bbox 818 1155 865 1166; x_wconf 91' lang='lat'>-</span> <span class='ocrx_word' id='word_1_38' title='bbox 886 1119 910 1183; x_wconf 87' lang='grc' dir='ltr'>οῖ</span> <span class='ocrx_word' id='word_1_39' title='bbox 937 1117 991 1194; x_wconf 83' lang='grc' dir='ltr'><em>μὲν</em></span> <span class='ocrx_word' id='word_1_40' title='bbox 1022 1118 1082 1198; x_wconf 80' lang='grc' dir='ltr'>χάρ</span> <span class='ocrx_word' id='word_1_41' title='bbox 1113 1119 1171 1198; x_wconf 90' lang='grc' dir='ltr'>οὑχ</span> <span class='ocrx_word' id='word_1_42' title='bbox 1198 1115 1286 1181; x_wconf 77' lang='grc' dir='ltr'><em>ἱκανοὶ</em></span> 
     </span>
     <span class='ocr_line' id='line_1_6' title="bbox 199 1229 1315 1314; baseline -0.004 -14"><span class='ocrx_word' id='word_1_43' title='bbox 199 1230 274 1310; x_wconf 75' lang='grc' dir='ltr'><em>ἦσαν</em></span> <span class='ocrx_word' id='word_1_44' title='bbox 303 1234 488 1312; x_wconf 84' lang='grc' dir='ltr'><em>ἀμιίνασέοιι,</em></span> <span class='ocrx_word' id='word_1_45' title='bbox 516 1235 541 1298; x_wconf 84' lang='grc' dir='ltr'>οῖ</span> <span class='ocrx_word' id='word_1_46' title='bbox 571 1229 596 1296; x_wconf 87' lang='grc' dir='ltr'>δ’</span> <span class='ocrx_word' id='word_1_47' title='bbox 613 1233 669 1296; x_wconf 86' lang='grc' dir='ltr'>ὑπό</span> <span class='ocrx_word' id='word_1_48' title='bbox 699 1230 862 1312; x_wconf 80' lang='grc' dir='ltr'><em>χρκμάτων</em></span> <span class='ocrx_word' id='word_1_49' title='bbox 885 1231 1099 1314; x_wconf 75' lang='grc' dir='ltr'><em>διεφθαρμένοι,</em></span> <span class='ocrx_word' id='word_1_50' title='bbox 1127 1230 1286 1312; x_wconf 80' lang='grc' dir='ltr'><em>ἀμφότερα</em></span> <span class='ocrx_word' id='word_1_51' title='bbox 1313 1293 1315 1296; x_wconf 87' lang='grc'>.</span> 
     </span>
     <span class='ocr_line' id='line_1_7' title="bbox 198 1341 1283 1430; baseline -0.005 -17"><span class='ocrx_word' id='word_1_52' title='bbox 198 1346 270 1424; x_wconf 79' lang='grc' dir='ltr'><em>δ’ἦν</em></span> <span class='ocrx_word' id='word_1_53' title='bbox 292 1349 398 1420; x_wconf 84' lang='grc' dir='ltr'><em>αὑτοὺς</em></span> <span class='ocrx_word' id='word_1_54' title='bbox 420 1347 461 1412; x_wconf 86' lang='grc' dir='ltr'><em>τά</em></span> <span class='ocrx_word' id='word_1_55' title='bbox 485 1346 639 1430; x_wconf 75' lang='grc' dir='ltr'><em>πείθοντα,</em></span> <span class='ocrx_word' id='word_1_56' title='bbox 664 1345 757 1426; x_wconf 88' lang='grc' dir='ltr'><em>κέρδος</em></span> <span class='ocrx_word' id='word_1_57' title='bbox 788 1344 838 1409; x_wconf 80' lang='grc' dir='ltr'>καῖ</span> <span class='ocrx_word' id='word_1_58' title='bbox 863 1343 921 1416; x_wconf 84' lang='grc' dir='ltr'><em>δέος</em></span> <span class='ocrx_word' id='word_1_59' title='bbox 943 1382 988 1394; x_wconf 89' lang='grc'><strong>-</strong></span> <span class='ocrx_word' id='word_1_60' title='bbox 1010 1345 1152 1418; x_wconf 77' lang='grc' dir='ltr'><em>Ἀθηναῖοι</em></span> <span class='ocrx_word' id='word_1_61' title='bbox 1175 1343 1201 1408; x_wconf 83' lang='grc' dir='ltr'>δ’</span> <span class='ocrx_word' id='word_1_62' title='bbox 1212 1341 1283 1409; x_wconf 83' lang='grc' dir='ltr'><em>οὑτω</em></span> 
     </span>
     <span class='ocr_line' id='line_1_8' title="bbox 198 1457 1287 1543; baseline -0.003 -18"><span class='ocrx_word' id='word_1_63' title='bbox 198 1461 377 1540; x_wconf 67' lang='grc' dir='ltr'>διακειμένης</span> <span class='ocrx_word' id='word_1_64' title='bbox 406 1469 459 1536; x_wconf 75' lang='grc' dir='ltr'>τῆς</span> <span class='ocrx_word' id='word_1_65' title='bbox 486 1457 628 1530; x_wconf 85' lang='grc' dir='ltr'><em>Ἑλλοίδος</em></span> <span class='ocrx_word' id='word_1_66' title='bbox 656 1457 741 1524; x_wconf 64' lang='lat' dir='ltr'>cont</span> <span class='ocrx_word' id='word_1_67' title='bbox 770 1458 825 1532; x_wconf 80' lang='grc' dir='ltr'>μέν</span> <span class='ocrx_word' id='word_1_68' title='bbox 847 1459 927 1541; x_wconf 70' lang='grc' dir='ltr'><em>τοτὲ,</em></span> <span class='ocrx_word' id='word_1_69' title='bbox 953 1457 1035 1542; x_wconf 93' lang='lat' dir='ltr'>quod</span> <span class='ocrx_word' id='word_1_70' title='bbox 1059 1480 1155 1543; x_wconf 81' lang='lat' dir='ltr'>genus</span> <span class='ocrx_word' id='word_1_71' title='bbox 1179 1472 1287 1543; x_wconf 80' lang='lat' dir='ltr'>ptreu·</span> 
     </span>
     <span class='ocr_line' id='line_1_9' title="bbox 194 1571 1285 1657; baseline -0.003 -20"><span class='ocrx_word' id='word_1_72' title='bbox 194 1575 316 1638; x_wconf 91' lang='lat' dir='ltr'>theseos</span> <span class='ocrx_word' id='word_1_73' title='bbox 347 1573 477 1637; x_wconf 78' lang='lat' dir='ltr'>recurrit</span> <span class='ocrx_word' id='word_1_74' title='bbox 507 1575 524 1657; x_wconf 67' lang='lat' dir='ltr'>t</span> <span class='ocrx_word' id='word_1_75' title='bbox 548 1574 600 1637; x_wconf 85' lang='grc'>67.</span> <span class='ocrx_word' id='word_1_76' title='bbox 647 1571 704 1636; x_wconf 84' lang='lat' dir='ltr'>Est</span> <span class='ocrx_word' id='word_1_77' title='bbox 734 1578 837 1636; x_wconf 85' lang='lat' dir='ltr'>eutem</span> <span class='ocrx_word' id='word_1_78' title='bbox 865 1571 990 1636; x_wconf 88' lang='lat' dir='ltr'>omuino</span> <span class='ocrx_word' id='word_1_79' title='bbox 1016 1572 1188 1635; x_wconf 69' lang='lat' dir='ltr'>umessorie</span> <span class='ocrx_word' id='word_1_80' title='bbox 1210 1571 1285 1635; x_wconf 77' lang='lat' dir='ltr'>hoec</span> 
     </span>
     <span class='ocr_line' id='line_1_10' title="bbox 199 1685 1286 1772; baseline -0.003 -20"><span class='ocrx_word' id='word_1_81' title='bbox 199 1687 457 1772; x_wconf 81' lang='lat' dir='ltr'>interpunctionis</span> <span class='ocrx_word' id='word_1_82' title='bbox 480 1687 630 1764; x_wconf 83' lang='lat' dir='ltr'>mutatio,</span> <span class='ocrx_word' id='word_1_83' title='bbox 657 1686 740 1770; x_wconf 89' lang='lat' dir='ltr'>quod</span> <span class='ocrx_word' id='word_1_84' title='bbox 765 1687 964 1768; x_wconf 67' lang='grc' dir='ltr'>ὑφισταμένου</span> <span class='ocrx_word' id='word_1_85' title='bbox 978 1685 1103 1760; x_wconf 77' lang='grc' dir='ltr'><em>οὐδενός,</em></span> <span class='ocrx_word' id='word_1_86' title='bbox 1126 1687 1211 1750; x_wconf 87' lang='grc' dir='ltr'>ἀλλά</span> <span class='ocrx_word' id='word_1_87' title='bbox 1230 1690 1286 1749; x_wconf 79' lang='grc' dir='ltr'><em>τῶν</em></span> 
     </span>
     <span class='ocr_line' id='line_1_11' title="bbox 201 1798 1285 1884; baseline -0.003 -19"><span class='ocrx_word' id='word_1_88' title='bbox 201 1803 254 1879; x_wconf 77' lang='grc' dir='ltr'><em>μὲν</em></span> <span class='ocrx_word' id='word_1_89' title='bbox 281 1801 407 1866; x_wconf 74' lang='grc' dir='ltr'><em>ἀκόντιον</em></span> <span class='ocrx_word' id='word_1_90' title='bbox 431 1801 630 1865; x_wconf 81' lang='grc' dir='ltr'><em>ὑπακουόντων</em></span> <span class='ocrx_word' id='word_1_91' title='bbox 655 1801 716 1864; x_wconf 81' lang='grc' dir='ltr'>κτὲ.</span> <span class='ocrx_word' id='word_1_92' title='bbox 740 1799 827 1864; x_wconf 89' lang='lat' dir='ltr'>nullo</span> <span class='ocrx_word' id='word_1_93' title='bbox 850 1800 942 1863; x_wconf 94' lang='lat' dir='ltr'>modo</span> <span class='ocrx_word' id='word_1_94' title='bbox 965 1800 1071 1864; x_wconf 87' lang='lat' dir='ltr'>referri</span> <span class='ocrx_word' id='word_1_95' title='bbox 1093 1806 1223 1884; x_wconf 86' lang='lat' dir='ltr'>possunt</span> <span class='ocrx_word' id='word_1_96' title='bbox 1247 1798 1285 1862; x_wconf 80' lang='lat' dir='ltr'>od</span> 
     </span>
    </p>

    <p class='ocr_par' dir='ltr' id='par_1_3' title="bbox 165 1911 1127 2000">
     <span class='ocr_line' id='line_1_12' title="bbox 165 1911 1127 2000; baseline -0.001 -23"><span class='ocrx_word' id='word_1_97' title='bbox 165 1911 169 1956; x_wconf 75' lang='grc' dir='ltr'><strong>ἶ</strong></span> <span class='ocrx_word' id='word_1_98' title='bbox 202 1912 440 2000; x_wconf 86' lang='lat' dir='ltr'>Hellespontum</span> <span class='ocrx_word' id='word_1_99' title='bbox 463 1913 593 1976; x_wconf 84' lang='lat' dir='ltr'>neribus</span> <span class='ocrx_word' id='word_1_100' title='bbox 617 1913 757 1976; x_wconf 89' lang='lat' dir='ltr'>iunctum</span> <span class='ocrx_word' id='word_1_101' title='bbox 785 1921 816 1976; x_wconf 88' lang='lat' dir='ltr'>et</span> <span class='ocrx_word' id='word_1_102' title='bbox 839 1912 924 1976; x_wconf 79' lang='lat' dir='ltr'>Atho</span> <span class='ocrx_word' id='word_1_103' title='bbox 947 1913 1127 1996; x_wconf 87' lang='lat' dir='ltr'>perfossum.</span> 
     </span>
    </p>

    <p class='ocr_par' dir='ltr' id='par_1_4' title="bbox 243 2025 1285 2110">
     <span class='ocr_line' id='line_1_13' title="bbox 243 2025 1285 2110; baseline -0.003 -19"><span class='ocrx_word' id='word_1_104' title='bbox 243 2026 315 2091; x_wconf 91' lang='lat' dir='ltr'>Non</span> <span class='ocrx_word' id='word_1_105' title='bbox 339 2028 441 2090; x_wconf 89' lang='lat' dir='ltr'>miuus</span> <span class='ocrx_word' id='word_1_106' title='bbox 464 2027 597 2110; x_wconf 87' lang='lat' dir='ltr'>turpiter</span> <span class='ocrx_word' id='word_1_107' title='bbox 620 2049 638 2090; x_wconf 82' lang='lat' dir='ltr'>e</span> <span class='ocrx_word' id='word_1_108' title='bbox 660 2026 741 2091; x_wconf 81' lang='lat' dir='ltr'>male</span> <span class='ocrx_word' id='word_1_109' title='bbox 763 2025 1012 2110; x_wconf 77' lang='lat' dir='ltr'>interpunctione</span> <span class='ocrx_word' id='word_1_110' title='bbox 1033 2025 1153 2090; x_wconf 81' lang='lat' dir='ltr'>loborat</span> <span class='ocrx_word' id='word_1_111' title='bbox 1176 2026 1209 2089; x_wconf 91' lang='lat' dir='ltr'>in</span> <span class='ocrx_word' id='word_1_112' title='bbox 1227 2025 1285 2089; x_wconf 84' lang='lat' dir='ltr'>hac</span> 
     </span>
    </p>

    <p class='ocr_par' dir='ltr' id='par_1_5' title="bbox 198 2139 1286 2224">
     <span class='ocr_line' id='line_1_14' title="bbox 198 2139 1286 2224; baseline -0.001 -19"><span class='ocrx_word' id='word_1_113' title='bbox 198 2141 335 2205; x_wconf 80' lang='lat' dir='ltr'>oratione</span> <span class='ocrx_word' id='word_1_114' title='bbox 365 2142 382 2224; x_wconf 67' lang='lat' dir='ltr'>t</span> <span class='ocrx_word' id='word_1_115' title='bbox 411 2142 463 2216; x_wconf 85' lang='grc'>67,</span> <span class='ocrx_word' id='word_1_116' title='bbox 496 2139 551 2203; x_wconf 93' lang='lat' dir='ltr'>ubi</span> <span class='ocrx_word' id='word_1_117' title='bbox 584 2139 615 2203; x_wconf 89' lang='lat' dir='ltr'>in</span> <span class='ocrx_word' id='word_1_118' title='bbox 640 2140 757 2204; x_wconf 85' lang='lat' dir='ltr'>verbis:</span> <span class='ocrx_word' id='word_1_119' title='bbox 784 2141 823 2204; x_wconf 84' lang='grc' dir='ltr'>Οἱ</span> <span class='ocrx_word' id='word_1_120' title='bbox 847 2139 876 2204; x_wconf 84' lang='grc' dir='ltr'>δὲ</span> <span class='ocrx_word' id='word_1_121' title='bbox 898 2145 946 2203; x_wconf 81' lang='grc' dir='ltr'>νῦν</span> <span class='ocrx_word' id='word_1_122' title='bbox 968 2139 1160 2221; x_wconf 73' lang='grc' dir='ltr'><em>θαπτόμενοι,</em></span> <span class='ocrx_word' id='word_1_123' title='bbox 1184 2140 1286 2217; x_wconf 79' lang='grc' dir='ltr'><em>βονόά-</em></span> 
     </span>
    </p>
   </div>
   <div class='ocr_carea' id='block_1_3' title="bbox 198 2253 1285 2566">
    <p class='ocr_par' dir='ltr' id='par_1_6' title="bbox 198 2253 1285 2566">
     <span class='ocr_line' id='line_1_15' title="bbox 198 2253 1285 2334; baseline -0.002 -15"><span class='ocrx_word' id='word_1_124' title='bbox 198 2279 302 2327; x_wconf 81' lang='grc' dir='ltr'><em>σαντες</em></span> <span class='ocrx_word' id='word_1_125' title='bbox 334 2254 478 2334; x_wconf 77' lang='grc' dir='ltr'><em>Κορινθίοις</em></span> <span class='ocrx_word' id='word_1_126' title='bbox 510 2253 565 2316; x_wconf 82' lang='grc' dir='ltr'>ὑπὸ</span> <span class='ocrx_word' id='word_1_127' title='bbox 594 2257 728 2317; x_wconf 80' lang='grc' dir='ltr'><em>παλαιῶν</em></span> <span class='ocrx_word' id='word_1_128' title='bbox 750 2253 852 2334; x_wconf 80' lang='grc' dir='ltr'><em>’φίλων</em></span> <span class='ocrx_word' id='word_1_129' title='bbox 881 2253 1072 2330; x_wconf 64' lang='grc' dir='ltr'><em>ἀδικουμένοις</em></span> <span class='ocrx_word' id='word_1_130' title='bbox 1099 2254 1199 2317; x_wconf 70' lang='grc' dir='ltr'><em>καινοί</em></span> <span class='ocrx_word' id='word_1_131' title='bbox 1212 2253 1285 2323; x_wconf 86' lang='grc' dir='ltr'><em>οὑμ-</em></span> 
     </span>
     <span class='ocr_line' id='line_1_16' title="bbox 199 2364 1284 2449; baseline -0.002 -19"><span class='ocrx_word' id='word_1_132' title='bbox 199 2390 294 2446; x_wconf 93' lang='grc' dir='ltr'><em>μαχοι</em></span> <span class='ocrx_word' id='word_1_133' title='bbox 319 2366 484 2447; x_wconf 76' lang='grc' dir='ltr'><em>χωόμενοι,</em></span> <span class='ocrx_word' id='word_1_134' title='bbox 507 2366 568 2429; x_wconf 82' lang='grc' dir='ltr'><em>κτέ.</em></span> <span class='ocrx_word' id='word_1_135' title='bbox 593 2365 729 2449; x_wconf 84' lang='lat' dir='ltr'>expediri</span> <span class='ocrx_word' id='word_1_136' title='bbox 745 2366 854 2449; x_wconf 89' lang='lat' dir='ltr'>nequit</span> <span class='ocrx_word' id='word_1_137' title='bbox 868 2365 1081 2448; x_wconf 61' lang='lat' dir='ltr'>destituerer,</span> <span class='ocrx_word' id='word_1_138' title='bbox 1102 2364 1185 2448; x_wconf 89' lang='lat' dir='ltr'>quod</span> <span class='ocrx_word' id='word_1_139' title='bbox 1201 2387 1284 2429; x_wconf 90' lang='lat' dir='ltr'>nunc</span> 
     </span>
     <span class='ocr_line' id='line_1_17' title="bbox 202 2473 1282 2566; baseline -0.002 -22"><span class='ocrx_word' id='word_1_140' title='bbox 202 2489 327 2566; x_wconf 90' lang='lat' dir='ltr'>propter</span> <span class='ocrx_word' id='word_1_141' title='bbox 358 2501 488 2563; x_wconf 83' lang='lat' dir='ltr'>sequens</span> <span class='ocrx_word' id='word_1_142' title='bbox 516 2478 673 2558; x_wconf 81' lang='grc' dir='ltr'><em>σύμμαχοι</em></span> <span class='ocrx_word' id='word_1_143' title='bbox 704 2477 850 2556; x_wconf 76' lang='grc' dir='ltr'><em>γενόμενοι</em></span> <span class='ocrx_word' id='word_1_144' title='bbox 881 2477 960 2542; x_wconf 82' lang='lat' dir='ltr'>male</span> <span class='ocrx_word' id='word_1_145' title='bbox 991 2473 1145 2556; x_wconf 60' lang='lat' dir='ltr'>abundat}</span> <span class='ocrx_word' id='word_1_146' title='bbox 1178 2500 1282 2543; x_wconf 82' lang='lat' dir='ltr'>seuam</span> 
     </span>
    </p>
   </div>
   <div class='ocr_carea' id='block_1_4' title="bbox 196 2591 1286 4488">
    <p class='ocr_par' dir='ltr' id='par_1_7' title="bbox 196 2591 1286 3238">
     <span class='ocr_line' id='line_1_18' title="bbox 198 2591 1285 2677; baseline 0.001 -20"><span class='ocrx_word' id='word_1_147' title='bbox 198 2603 300 2658; x_wconf 83' lang='lat' dir='ltr'>autem</span> <span class='ocrx_word' id='word_1_148' title='bbox 323 2592 608 2677; x_wconf 78' lang='lat' dir='ltr'>interpretationem</span> <span class='ocrx_word' id='word_1_149' title='bbox 632 2591 791 2668; x_wconf 82' lang='lat' dir='ltr'>admittet,</span> <span class='ocrx_word' id='word_1_150' title='bbox 817 2592 871 2656; x_wconf 91' lang='lat' dir='ltr'>ubi</span> <span class='ocrx_word' id='word_1_151' title='bbox 893 2613 1010 2656; x_wconf 81' lang='lat' dir='ltr'>comme</span> <span class='ocrx_word' id='word_1_152' title='bbox 1025 2600 1095 2677; x_wconf 91' lang='lat' dir='ltr'>post</span> <span class='ocrx_word' id='word_1_153' title='bbox 1111 2593 1285 2670; x_wconf 85' lang='grc' dir='ltr'><em>όαπτόμενοι</em></span> 
     </span>
     <span class='ocr_line' id='line_1_19' title="bbox 197 2705 1286 2792; baseline 0 -22"><span class='ocrx_word' id='word_1_154' title='bbox 197 2715 251 2771; x_wconf 83' lang='lat' dir='ltr'>aut</span> <span class='ocrx_word' id='word_1_155' title='bbox 270 2705 435 2783; x_wconf 87' lang='lat' dir='ltr'>deleveris,</span> <span class='ocrx_word' id='word_1_156' title='bbox 456 2713 510 2769; x_wconf 83' lang='lat' dir='ltr'>aut</span> <span class='ocrx_word' id='word_1_157' title='bbox 527 2707 666 2790; x_wconf 83' lang='lat' dir='ltr'>posueris</span> <span class='ocrx_word' id='word_1_158' title='bbox 685 2712 756 2790; x_wconf 91' lang='lat' dir='ltr'>post</span> <span class='ocrx_word' id='word_1_159' title='bbox 770 2706 982 2788; x_wconf 77' lang='grc' dir='ltr'><em>βονόάσαντες,</em></span> <span class='ocrx_word' id='word_1_160' title='bbox 996 2728 1058 2790; x_wconf 94' lang='lat' dir='ltr'>quo</span> <span class='ocrx_word' id='word_1_161' title='bbox 1070 2707 1151 2771; x_wconf 83' lang='lat' dir='ltr'>fecto</span> <span class='ocrx_word' id='word_1_162' title='bbox 1163 2708 1286 2792; x_wconf 84' lang='lat' dir='ltr'>partici-</span> 
     </span>
     <span class='ocr_line' id='line_1_20' title="bbox 197 2818 1284 2905; baseline 0 -21"><span class='ocrx_word' id='word_1_163' title='bbox 197 2822 282 2904; x_wconf 90' lang='lat' dir='ltr'>pium</span> <span class='ocrx_word' id='word_1_164' title='bbox 306 2819 414 2884; x_wconf 90' lang='lat' dir='ltr'>eodem</span> <span class='ocrx_word' id='word_1_165' title='bbox 437 2818 529 2884; x_wconf 92' lang='lat' dir='ltr'>modo</span> <span class='ocrx_word' id='word_1_166' title='bbox 553 2820 699 2905; x_wconf 82' lang='lat' dir='ltr'>explicari</span> <span class='ocrx_word' id='word_1_167' title='bbox 722 2820 836 2904; x_wconf 89' lang='lat' dir='ltr'>poterit</span> <span class='ocrx_word' id='word_1_168' title='bbox 858 2842 893 2883; x_wconf 81' lang='lat' dir='ltr'>oc</span> <span class='ocrx_word' id='word_1_169' title='bbox 915 2820 948 2884; x_wconf 91' lang='lat' dir='ltr'>iu</span> <span class='ocrx_word' id='word_1_170' title='bbox 972 2819 1188 2905; x_wconf 88' lang='lat' dir='ltr'>Xenophontis</span> <span class='ocrx_word' id='word_1_171' title='bbox 1211 2821 1284 2886; x_wconf 90' lang='lat' dir='ltr'>Hel-</span> 
     </span>
     <span class='ocr_line' id='line_1_21' title="bbox 196 2931 1285 3014; baseline 0.003 -17"><span class='ocrx_word' id='word_1_172' title='bbox 196 2932 302 2997; x_wconf 90' lang='lat' dir='ltr'>leuiois</span> <span class='ocrx_word' id='word_1_173' title='bbox 334 2931 391 3010; x_wconf 89' lang='lat' dir='ltr'>IV,</span> <span class='ocrx_word' id='word_1_174' title='bbox 416 2941 455 3010; x_wconf 83' lang='lat'>4,</span> <span class='ocrx_word' id='word_1_175' title='bbox 484 2935 541 2998; x_wconf 80' lang='lat' dir='ltr'>lt:</span> <span class='ocrx_word' id='word_1_176' title='bbox 573 2933 623 2999; x_wconf 75' lang='grc' dir='ltr'>καὶ</span> <span class='ocrx_word' id='word_1_177' title='bbox 655 2934 714 3014; x_wconf 76' lang='grc' dir='ltr'>μάρ</span> <span class='ocrx_word' id='word_1_178' title='bbox 744 2934 769 2998; x_wconf 79' lang='grc' dir='ltr'>οἱ</span> <span class='ocrx_word' id='word_1_179' title='bbox 799 2941 957 3004; x_wconf 80' lang='grc' dir='ltr'><em>Μαντινεῖς</em></span> <span class='ocrx_word' id='word_1_180' title='bbox 989 2933 1185 3010; x_wconf 71' lang='grc' dir='ltr'><em>βοηθήσαντές</em></span> <span class='ocrx_word' id='word_1_181' title='bbox 1212 2959 1285 3000; x_wconf 89' lang='grc' dir='ltr'><em>ποτε</em></span> 
     </span>
     <span class='ocr_line' id='line_1_22' title="bbox 197 3045 1281 3132; baseline 0.002 -22"><span class='ocrx_word' id='word_1_182' title='bbox 197 3045 426 3123; x_wconf 73' lang='grc' dir='ltr'><em>ἐπεκδραμόντες</em></span> <span class='ocrx_word' id='word_1_183' title='bbox 449 3053 633 3117; x_wconf 79' lang='grc' dir='ltr'><em>πελτασταῖς</em></span> <span class='ocrx_word' id='word_1_184' title='bbox 656 3047 689 3111; x_wconf 81' lang='grc' dir='ltr'>ἐκ</span> <span class='ocrx_word' id='word_1_185' title='bbox 710 3051 761 3110; x_wconf 85' lang='grc' dir='ltr'><em>τοὺ</em></span> <span class='ocrx_word' id='word_1_186' title='bbox 785 3045 832 3109; x_wconf 74' lang='grc' dir='ltr'>ἐπὶ</span> <span class='ocrx_word' id='word_1_187' title='bbox 849 3045 980 3126; x_wconf 78' lang='grc' dir='ltr'><em>Λέχαιον</em></span> <span class='ocrx_word' id='word_1_188' title='bbox 995 3046 1133 3118; x_wconf 78' lang='grc' dir='ltr'><em>τείνοντος</em></span> <span class='ocrx_word' id='word_1_189' title='bbox 1148 3048 1281 3132; x_wconf 80' lang='grc' dir='ltr'><em>τείχους,</em></span> 
     </span>
     <span class='ocr_line' id='line_1_23' title="bbox 197 3156 846 3238; baseline 0.002 -17"><span class='ocrx_word' id='word_1_190' title='bbox 197 3156 405 3237; x_wconf 85' lang='grc' dir='ltr'><em>ἀκοντιζόμενοι</em></span> <span class='ocrx_word' id='word_1_191' title='bbox 428 3159 571 3222; x_wconf 82' lang='grc' dir='ltr'><em>ἐνέκλιναν</em></span> <span class='ocrx_word' id='word_1_192' title='bbox 578 3205 586 3238; x_wconf 88' lang='grc'><strong>,</strong></span> <span class='ocrx_word' id='word_1_193' title='bbox 613 3164 643 3220; x_wconf 90' lang='lat' dir='ltr'>et</span> <span class='ocrx_word' id='word_1_194' title='bbox 666 3157 734 3221; x_wconf 82' lang='lat' dir='ltr'>eliis</span> <span class='ocrx_word' id='word_1_195' title='bbox 760 3158 846 3222; x_wconf 88' lang='lat' dir='ltr'>locis.</span> 
     </span>
    </p>

    <p class='ocr_par' dir='ltr' id='par_1_8' title="bbox 198 3265 1283 3687">
     <span class='ocr_line' id='line_1_24' title="bbox 242 3265 1283 3353; baseline 0.004 -21"><span class='ocrx_word' id='word_1_196' title='bbox 242 3270 335 3353; x_wconf 64' lang='lat' dir='ltr'>ddi.</span> <span class='ocrx_word' id='word_1_197' title='bbox 382 3269 467 3333; x_wconf 89' lang='grc' dir='ltr'><em>ποίαν</em></span> <span class='ocrx_word' id='word_1_198' title='bbox 496 3269 525 3333; x_wconf 86' lang='grc' dir='ltr'>δὲ</span> <span class='ocrx_word' id='word_1_199' title='bbox 555 3269 673 3346; x_wconf 74' lang='grc' dir='ltr'><em>γνώμην</em></span> <span class='ocrx_word' id='word_1_200' title='bbox 704 3265 784 3348; x_wconf 79' lang='grc' dir='ltr'><em>εἶχον</em></span> <span class='ocrx_word' id='word_1_201' title='bbox 816 3270 832 3344; x_wconf 78' lang='grc' dir='ltr'>ἢ</span> <span class='ocrx_word' id='word_1_202' title='bbox 862 3271 886 3335; x_wconf 86' lang='grc' dir='ltr'>οῖ</span> <span class='ocrx_word' id='word_1_203' title='bbox 916 3271 1045 3348; x_wconf 85' lang='grc' dir='ltr'><em>όεόιμενοι</em></span> <span class='ocrx_word' id='word_1_204' title='bbox 1074 3271 1142 3343; x_wconf 83' lang='grc' dir='ltr'><em>τοὺς</em></span> <span class='ocrx_word' id='word_1_205' title='bbox 1164 3273 1193 3335; x_wconf 84' lang='grc' dir='ltr'>ἐν</span> <span class='ocrx_word' id='word_1_206' title='bbox 1214 3280 1283 3344; x_wconf 91' lang='grc' dir='ltr'><em>ταῖς</em></span> 
     </span>
     <span class='ocr_line' id='line_1_25' title="bbox 198 3381 1283 3466; baseline 0.002 -19"><span class='ocrx_word' id='word_1_207' title='bbox 198 3381 296 3447; x_wconf 77' lang='grc' dir='ltr'><em>ναυσὶν</em></span> <span class='ocrx_word' id='word_1_208' title='bbox 319 3382 457 3466; x_wconf 81' lang='grc' dir='ltr'><em>ἐκείναις,</em></span> <span class='ocrx_word' id='word_1_209' title='bbox 483 3381 569 3456; x_wconf 74' lang='grc' dir='ltr'><em>ου’σκς</em></span> <span class='ocrx_word' id='word_1_210' title='bbox 591 3381 640 3446; x_wconf 85' lang='grc' dir='ltr'>καῖ</span> <span class='ocrx_word' id='word_1_211' title='bbox 663 3391 715 3456; x_wconf 73' lang='grc' dir='ltr'><em>τῆς</em></span> <span class='ocrx_word' id='word_1_212' title='bbox 739 3383 834 3447; x_wconf 79' lang='grc' dir='ltr'><em>αὑτῶν</em></span> <span class='ocrx_word' id='word_1_213' title='bbox 856 3384 996 3462; x_wconf 83' lang='grc' dir='ltr'><em>σωτκρίας</em></span> <span class='ocrx_word' id='word_1_214' title='bbox 1019 3383 1145 3448; x_wconf 81' lang='grc' dir='ltr'><em>ἀπίστου</em></span> <span class='ocrx_word' id='word_1_215' title='bbox 1167 3384 1283 3449; x_wconf 80' lang='grc' dir='ltr'><em>καὶτοῦ</em></span> 
     </span>
     <span class='ocr_line' id='line_1_26' title="bbox 199 3495 1283 3580; baseline 0.003 -20"><span class='ocrx_word' id='word_1_216' title='bbox 199 3495 358 3576; x_wconf 86' lang='grc' dir='ltr'><em>προσιόντος</em></span> <span class='ocrx_word' id='word_1_217' title='bbox 381 3495 521 3578; x_wconf 81' lang='grc' dir='ltr'><em>κινδὺνου,</em></span> <span class='ocrx_word' id='word_1_218' title='bbox 546 3496 608 3572; x_wconf 73' lang='lat' dir='ltr'>tot</span> <span class='ocrx_word' id='word_1_219' title='bbox 631 3498 790 3573; x_wconf 76' lang='grc' dir='ltr'><em>μέλλοντες</em></span> <span class='ocrx_word' id='word_1_220' title='bbox 813 3498 1018 3577; x_wconf 75' lang='grc' dir='ltr'><em>ναυμαχήσειν</em></span> <span class='ocrx_word' id='word_1_221' title='bbox 1041 3498 1110 3576; x_wconf 82' lang='grc' dir='ltr'><em>ὑπέρ</em></span> <span class='ocrx_word' id='word_1_222' title='bbox 1132 3503 1189 3563; x_wconf 82' lang='grc' dir='ltr'><em>τῶν</em></span> <span class='ocrx_word' id='word_1_223' title='bbox 1212 3504 1283 3580; x_wconf 81' lang='grc' dir='ltr'><em>Φιλ-</em></span> 
     </span>
     <span class='ocr_line' id='line_1_27' title="bbox 199 3609 613 3687; baseline 0.002 -13"><span class='ocrx_word' id='word_1_224' title='bbox 199 3609 297 3674; x_wconf 89' lang='grc' dir='ltr'><em>τάτων</em></span> <span class='ocrx_word' id='word_1_225' title='bbox 319 3614 375 3674; x_wconf 81' lang='grc' dir='ltr'><em>τῶν</em></span> <span class='ocrx_word' id='word_1_226' title='bbox 399 3611 428 3673; x_wconf 86' lang='grc' dir='ltr'>ἕν</span> <span class='ocrx_word' id='word_1_227' title='bbox 451 3619 613 3687; x_wconf 78' lang='grc' dir='ltr'><em>Σαλαμῖνι.</em></span> 
     </span>
    </p>

    <p class='ocr_par' dir='ltr' id='par_1_9' title="bbox 244 3721 900 3788">
     <span class='ocr_line' id='line_1_28' title="bbox 244 3721 900 3788; baseline 0.002 -3"><span class='ocrx_word' id='word_1_228' title='bbox 244 3722 319 3787; x_wconf 91' lang='lat' dir='ltr'>Post</span> <span class='ocrx_word' id='word_1_229' title='bbox 342 3723 466 3788; x_wconf 81' lang='grc' dir='ltr'><em>κινδύνου</em></span> <span class='ocrx_word' id='word_1_230' title='bbox 489 3722 636 3787; x_wconf 83' lang='lat' dir='ltr'>excidisse</span> <span class='ocrx_word' id='word_1_231' title='bbox 660 3721 781 3786; x_wconf 89' lang='lat' dir='ltr'>videtur</span> <span class='ocrx_word' id='word_1_232' title='bbox 804 3723 900 3787; x_wconf 84' lang='grc' dir='ltr'><em>δεινοῦ.</em></span> 
     </span>
    </p>

    <p class='ocr_par' dir='ltr' id='par_1_10' title="bbox 242 3833 755 3919">
     <span class='ocr_line' id='line_1_29' title="bbox 242 3833 755 3919; baseline 0.004 -23"><span class='ocrx_word' id='word_1_233' title='bbox 242 3836 335 3919; x_wconf 60' lang='lat' dir='ltr'>odi.</span> <span class='ocrx_word' id='word_1_234' title='bbox 381 3834 462 3899; x_wconf 86' lang='lat' dir='ltr'>Vide</span> <span class='ocrx_word' id='word_1_235' title='bbox 485 3835 523 3899; x_wconf 83' lang='lat' dir='ltr'>ed</span> <span class='ocrx_word' id='word_1_236' title='bbox 547 3833 601 3898; x_wconf 92' lang='lat' dir='ltr'>Or.</span> <span class='ocrx_word' id='word_1_237' title='bbox 625 3834 677 3913; x_wconf 82' lang='grc' dir='ltr'>Π,</span> <span class='ocrx_word' id='word_1_238' title='bbox 703 3838 755 3899; x_wconf 80' lang='lat'>29.</span> 
     </span>
    </p>

    <p class='ocr_par' dir='ltr' id='par_1_11' title="bbox 243 3947 1093 4032">
     <span class='ocr_line' id='line_1_30' title="bbox 243 3947 1093 4032; baseline 0.002 -20"><span class='ocrx_word' id='word_1_239' title='bbox 243 3949 260 4032; x_wconf 64' lang='lat' dir='ltr'>d</span> <span class='ocrx_word' id='word_1_240' title='bbox 284 3949 336 4013; x_wconf 85' lang='grc'>71.</span> <span class='ocrx_word' id='word_1_241' title='bbox 382 3948 522 4030; x_wconf 75' lang='grc' dir='ltr'><em>όρφανοὺς</em></span> <span class='ocrx_word' id='word_1_242' title='bbox 548 3947 578 4011; x_wconf 79' lang='grc' dir='ltr'><em>δέ</em></span> <span class='ocrx_word' id='word_1_243' title='bbox 599 3948 666 4021; x_wconf 82' lang='grc' dir='ltr'><em>τοὺς</em></span> <span class='ocrx_word' id='word_1_244' title='bbox 689 3950 784 4012; x_wconf 79' lang='grc' dir='ltr'><em>αὑτῶν</em></span> <span class='ocrx_word' id='word_1_245' title='bbox 807 3947 917 4022; x_wconf 89' lang='grc' dir='ltr'><em>παῖδας</em></span> <span class='ocrx_word' id='word_1_246' title='bbox 940 3947 1093 4014; x_wconf 84' lang='grc' dir='ltr'><em>ἀπέλιπον.</em></span> 
     </span>
    </p>

    <p class='ocr_par' dir='ltr' id='par_1_12' title="bbox 200 4059 1284 4488">
     <span class='ocr_line' id='line_1_31' title="bbox 246 4059 1283 4146; baseline 0.003 -23"><span class='ocrx_word' id='word_1_247' title='bbox 246 4059 331 4124; x_wconf 80' lang='lat' dir='ltr'>Uxor</span> <span class='ocrx_word' id='word_1_248' title='bbox 354 4061 407 4144; x_wconf 92' lang='lat' dir='ltr'>qui</span> <span class='ocrx_word' id='word_1_249' title='bbox 430 4061 592 4138; x_wconf 84' lang='lat' dir='ltr'>maritum,</span> <span class='ocrx_word' id='word_1_250' title='bbox 616 4068 711 4124; x_wconf 76' lang='lat' dir='ltr'>nauta</span> <span class='ocrx_word' id='word_1_251' title='bbox 735 4061 788 4144; x_wconf 91' lang='lat' dir='ltr'>qui</span> <span class='ocrx_word' id='word_1_252' title='bbox 812 4083 938 4139; x_wconf 83' lang='lat' dir='ltr'>nerem,</span> <span class='ocrx_word' id='word_1_253' title='bbox 962 4069 1045 4126; x_wconf 81' lang='lat' dir='ltr'>actor</span> <span class='ocrx_word' id='word_1_254' title='bbox 1061 4063 1115 4146; x_wconf 92' lang='lat' dir='ltr'>qui</span> <span class='ocrx_word' id='word_1_255' title='bbox 1131 4061 1283 4126; x_wconf 79' lang='lat' dir='ltr'>actionem</span> 
     </span>
     <span class='ocr_line' id='line_1_32' title="bbox 201 4172 1280 4255; baseline 0.005 -19"><span class='ocrx_word' id='word_1_256' title='bbox 201 4172 330 4250; x_wconf 88' lang='lat' dir='ltr'>deserit,</span> <span class='ocrx_word' id='word_1_257' title='bbox 364 4173 511 4238; x_wconf 86' lang='lat' dir='ltr'>dicuntur</span> <span class='ocrx_word' id='word_1_258' title='bbox 540 4174 732 4239; x_wconf 88' lang='grc' dir='ltr'><em>ἀπολείπειν</em></span> <span class='ocrx_word' id='word_1_259' title='bbox 762 4175 812 4239; x_wconf 83' lang='grc' dir='ltr'><em>τόν</em></span> <span class='ocrx_word' id='word_1_260' title='bbox 841 4173 949 4255; x_wconf 85' lang='grc' dir='ltr'><em>ἀνδρα,</em></span> <span class='ocrx_word' id='word_1_261' title='bbox 973 4176 1025 4250; x_wconf 77' lang='grc' dir='ltr'>τὺν</span> <span class='ocrx_word' id='word_1_262' title='bbox 1052 4182 1138 4253; x_wconf 80' lang='grc' dir='ltr'><em>ναῦν,</em></span> <span class='ocrx_word' id='word_1_263' title='bbox 1166 4177 1218 4250; x_wconf 52' lang='grc' dir='ltr'>τὴν</span> <span class='ocrx_word' id='word_1_264' title='bbox 1244 4177 1280 4241; x_wconf 86' lang='grc' dir='ltr'>δί·</span> 
     </span>
     <span class='ocr_line' id='line_1_33' title="bbox 200 4288 1282 4371; baseline 0.005 -22"><span class='ocrx_word' id='word_1_265' title='bbox 200 4311 270 4362; x_wconf 74' lang='grc' dir='ltr'><em>κηνε</em></span> <span class='ocrx_word' id='word_1_266' title='bbox 295 4294 327 4349; x_wconf 85' lang='lat' dir='ltr'>ct</span> <span class='ocrx_word' id='word_1_267' title='bbox 360 4294 446 4371; x_wconf 77' lang='lat' dir='ltr'>pater</span> <span class='ocrx_word' id='word_1_268' title='bbox 479 4293 619 4352; x_wconf 88' lang='lat' dir='ltr'>mortuus</span> <span class='ocrx_word' id='word_1_269' title='bbox 656 4288 796 4370; x_wconf 73' lang='grc' dir='ltr'><em>ὀρφανοὺς</em></span> <span class='ocrx_word' id='word_1_270' title='bbox 825 4289 893 4360; x_wconf 83' lang='grc' dir='ltr'><em>τοὺς</em></span> <span class='ocrx_word' id='word_1_271' title='bbox 924 4288 1038 4361; x_wconf 80' lang='grc' dir='ltr'><em>παῖδας</em></span> <span class='ocrx_word' id='word_1_272' title='bbox 1064 4289 1282 4370; x_wconf 84' lang='grc' dir='ltr'><em>καταλείπει,</em></span> 
     </span>
     <span class='ocr_line' id='line_1_34' title="bbox 201 4399 1284 4488; baseline 0.004 -24"><span class='ocrx_word' id='word_1_273' title='bbox 201 4400 284 4464; x_wconf 91' lang='lat' dir='ltr'>unde</span> <span class='ocrx_word' id='word_1_274' title='bbox 309 4399 339 4463; x_wconf 91' lang='lat' dir='ltr'>h.·</span> <span class='ocrx_word' id='word_1_275' title='bbox 363 4399 383 4464; x_wconf 93' lang='lat' dir='ltr'>l.</span> <span class='ocrx_word' id='word_1_276' title='bbox 408 4422 464 4485; x_wconf 91' lang='lat' dir='ltr'>pro</span> <span class='ocrx_word' id='word_1_277' title='bbox 483 4402 627 4467; x_wconf 88' lang='grc' dir='ltr'><em>ἀπέλιπον</em></span> <span class='ocrx_word' id='word_1_278' title='bbox 642 4402 767 4486; x_wconf 78' lang='lat' dir='ltr'>legerim</span> <span class='ocrx_word' id='word_1_279' title='bbox 783 4403 950 4468; x_wconf 69' lang='lat' dir='ltr'>trostmar.</span> <span class='ocrx_word' id='word_1_280' title='bbox 990 4401 1142 4466; x_wconf 79' lang='lat' dir='ltr'>Litterae</span> <span class='ocrx_word' id='word_1_281' title='bbox 1158 4412 1284 4488; x_wconf 86' lang='lat' dir='ltr'>propter</span> 
     </span>
    </p>
   </div>
   <div class='ocr_carea' id='block_1_5' title="bbox 0 0 1686 5502">
    <p class='ocr_par' dir='ltr' id='par_1_13' title="bbox 0 0 1686 5502">
     <span class='ocr_line' id='line_1_35' title="bbox 0 0 1686 5502; baseline 0 0"><span class='ocrx_word' id='word_1_282' title='bbox 0 0 1686 5502; x_wconf 95' lang='lat' dir='ltr'> </span> 
     </span>
    </p>
   </div>
  </div>
 </body>
</html>
