3364 5502
340 583 380 643 62
770 608 885 651 canuc
908 610 994 654 xxxr.

337 785 437 844 τοῦτον
470 779 581 857 ἐλέγξω
615 779 670 855 οἷός
704 787 780 858 ἐστι,
815 787 865 850 καὶ
894 783 974 858 οὗτος
998 789 1171 868 ἐπεχείρησε
1194 789 1310 867 πονηρὸς
1333 785 1423 853 εἶναι·

336 890 412 969 ὅμως
442 892 471 958 εί
497 920 525 959 τι
555 898 613 972 ἐγὼ
643 899 805 976 ἐλλείποιμι
836 903 877 978 τῷ
907 900 986 979 λίνῳ
1017 911 1070 975 τῆς
1093 903 1287 980 κατηγορίας,
1313 905 1363 966 οὐκ
1387 902 1424 966 διν

335 1006 440 1078 δίκαιος
471 1007 513 1082 εἴν
543 1007 623 1080 οὗτος
654 1010 700 1076 διόι
730 1018 814 1077 τοῦτο
844 1015 1043 1092 ὠφεληθῆναι,
1075 1016 1159 1079 οὶλλόι
1190 1018 1324 1092 μᾶλλον,
1358 1015 1422 1080 ἔτι

336 1109 392 1202 (sic
416 1120 522 1206 codex)
545 1123 647 1194 ἱκανῶς
671 1123 839 1202 διδοίξαιμι,
864 1127 896 1190 εἰι
919 1129 1027 1192 τούτων
1050 1128 1325 1214 ἀποδοκιμασθῆναι.
1390 1205 1391 1208 ¹

381 1234 425 1296 Ut
455 1237 562 1300 τούτων
593 1236 701 1302 habeat
733 1261 794 1322 quo
826 1241 990 1317 referatur,
1026 1263 1081 1324 pro
1104 1241 1147 1306 dra
1171 1241 1301 1304 coniicio
1324 1241 1420 1317 ἱίττα,

336 1349 416 1431 quod
435 1372 600 1432 pronomen
618 1375 708 1437 quam
725 1377 814 1438 saepe
830 1355 947 1418 librarii
964 1355 1192 1420 obliteraverint
1209 1378 1297 1420 nemo
1314 1357 1423 1420 melius

335 1461 473 1542 docebit,
498 1486 589 1548 quam
614 1465 749 1532 Gobetus
774 1469 804 1532 in
830 1469 1028 1554 Mnemosyne
1051 1471 1137 1534 Tem.
1163 1471 1226 1548 VI,
1252 1495 1281 1556 p.
1303 1474 1341 1534 12
1356 1493 1421 1554 sqq.

335 1575 399 1640 Alii
422 1600 477 1662 pro
500 1575 542 1641 dra
565 1579 682 1643 malunt
705 1581 733 1645 εί
752 1606 781 1646 τι
789 1631 798 1660 ,
824 1582 906 1666 quod
922 1591 1002 1647 recte
1019 1583 1295 1648 Rauchensteinius
1312 1584 1422 1668 impro-

335 1689 404 1767 bat,
437 1692 518 1775 quod
552 1695 595 1757 sic
626 1695 719 1758 nimia
750 1697 899 1760 timiditas
933 1708 962 1762 et
987 1698 1157 1763 diffidentia
1181 1701 1226 1763 sui
1253 1700 1348 1776 actori
1371 1698 1423 1763 ob·

336 1805 519 1870 truderetur.
734 1813 736 1817 ’
1005 1791 1006 1796 ¹
1312 1815 1314 1818 ’

378 1921 395 2002 p
417 1921 448 1983 4.
492 1919 581 1997 Ἀξιῶ
604 1921 633 1986 δὲ
655 1923 704 1986 καί
729 1925 806 2000 ὑμῶν
827 1922 924 1996 οἵτινες
947 1927 1129 2007 δυνατώτεροι
1145 1929 1214 2002 ε’,αοῦ
1230 1929 1284 1992 εἷτι
1300 1929 1417 2004 λέγειν,

334 2037 485 2108 ἀποφῆναι
519 2036 607 2117 μείζω
641 2039 710 2126 ὄντα
744 2043 834 2105 αὐτοῦ
868 2043 909 2106 τοὶ
943 2041 1167 2121 ἁμαρτήματα,
1195 2043 1245 2108 καὶ
1270 2043 1303 2118 ἕξ
1324 2040 1361 2107 ὦν
1384 2044 1421 2109 ἂν

334 2152 392 2228 ἐγὼ
423 2154 629 2230 ὑπολίπωμαι,
658 2155 748 2220 ποίλιν
771 2157 875 2228 αὐτοὺς
900 2156 962 2236 περὶ
986 2153 1022 2220 ὦν
1044 2156 1123 2221 ίτατι
1148 2167 1347 2236 κατηγορῆσαι
1371 2158 1421 2222 Φί-

333 2278 437 2338 λωνος·
460 2270 491 2331 οὐ
513 2268 573 2347 pap
595 2270 628 2333 ἐκ
649 2273 706 2334 τῶν
729 2269 779 2342 ὑπ’,
803 2270 873 2344 ἐμοῦ
895 2269 1059 2347 λεγομένων
1082 2270 1127 2334 δεῖ
1147 2272 1225 2348 ὑμᾶς
1249 2270 1312 2349 περὶ
1331 2273 1420 2335 αὐτοῦ

236 2443 237 2448 ,
334 2378 427 2450 ὁποῖός
450 2382 512 2445 ἕττι
535 2381 730 2462 cadatcadat(

378 2491 452 2556 Post
483 2494 553 2569 ἐμοῦ
585 2494 631 2557 vel
662 2496 827 2570 λεγομένων
858 2505 981 2580 propter
1005 2496 1165 2560 literarum
1191 2495 1424 2560 similitudinem

334 2606 480 2669 excidisse
513 2606 634 2670 videtur
663 2607 764 2685 μόνον,
797 2631 858 2690 quo
889 2610 1004 2672 inserto
1032 2617 1190 2674 accusator
1218 2608 1316 2685 dicet,
1341 2608 1425 2692 quod
1468 2628 1471 2632 ·

334 2717 457 2794 debuit,
489 2719 679 2783 senatoribus
710 2742 808 2784 mores
841 2720 980 2783 Philonis
1012 2743 1073 2784 nnn
1107 2728 1220 2784 tantam
1243 2721 1426 2804 spectandos

334 2854 398 2894 esse
433 2853 468 2894 ex
502 2831 556 2908 iis,
600 2853 678 2915 quae
714 2832 778 2916 ipse
814 2840 921 2896 contra
955 2851 1025 2896 eum¹
1057 2834 1233 2917 prolaturus
1272 2835 1332 2914 sit,
1372 2834 1425 2899 sed

333 2943 424 3006 etiam
461 2966 495 3007 cx
530 2944 587 3021 iis,
633 2951 711 3028 quae
748 2945 801 3010 alii
835 2947 898 3010 sint
934 2946 1092 3010 adiecturi.
1140 2946 1184 3010 Ut
1219 2947 1313 3030 vulgo
1349 2948 1423 3012 haec

333 3057 425 3120 verba
447 3057 701 3122 circumferuntur
726 3067 828 3122 orator
853 3082 948 3144 paene
972 3059 1122 3124 ridiculus
1146 3073 1208 3138 est,
1234 3061 1348 3144 quippe
1369 3060 1423 3144 qui

334 3177 486 3234 senatores
521 3167 698 3246 admoneat,
737 3195 775 3235 ne
811 3195 846 3234 cx
882 3195 936 3235 sua
970 3172 1108 3236 oratione
1139 3171 1287 3236 iudicium
1324 3174 1424 3236 ferant

334 3283 371 3346 de
395 3283 530 3346 moribus
555 3282 705 3346 Philonis.

377 3397 394 3478 6
417 3397 447 3456 6.
493 3394 542 3458 καί
561 3394 621 3472 γὰρ
640 3391 666 3458 οἳ
683 3395 772 3476 φύσει
794 3397 848 3471 μὲν
871 3397 994 3460 πολῖταί
1009 3397 1078 3473 εἰσι,
1093 3397 1195 3477 γνώμα
1206 3397 1236 3459 δὲ
1247 3402 1374 3476 χρῶνται
1385 3397 1422 3466 ὥς

334 3511 420 3572 πῖιτα
443 3517 485 3583 νῆ
508 3507 612 3586 πατρὶς
635 3510 733 3579 αὐτοῖς
758 3510 835 3572 ἐστιν
858 3511 887 3572 ἕν
911 3506 930 3590 ᾖ
952 3508 988 3573 διν
1010 3509 1185 3583 τάπιτήδεια
1209 3507 1332 3589 ἔχωσιν,
1349 3505 1424 3574 οὗτοι

334 3621 414 3696 δῆλοί
437 3621 506 3684 εἰσιν
529 3619 572 3685 ὅτι
594 3619 630 3684 διν
654 3621 792 3701 παρέντεο
816 3621 850 3685 τδ
873 3630 925 3695 τῆς
949 3621 1060 3692 πόλεως
1083 3622 1170 3686 κοινὸν
1193 3622 1304 3698 cyson
1327 3621 1375 3686 ἐπὶ
1390 3619 1425 3684 τὸ

334 3735 443 3800 ἑαυτῶν
472 3733 540 3798 ίδιον
570 3734 662 3813 κέρδος
694 3735 797 3800 ἔλθοιεν
824 3735 872 3799 διὰ
894 3735 927 3799 τδ
950 3737 993 3811 μὴ
1015 3736 1068 3808 τὴν
1090 3733 1174 3800 πόλιν
1198 3735 1282 3798 οὶλλίι
1303 3736 1355 3808 τὴν
1377 3735 1424 3798 οὐ·

334 3850 401 3914 τίαν
424 3849 552 3925 πατρίδα
575 3848 688 3918 ἑαυτοῖς
712 3849 856 3925 ἡγεῖσθαι.

382 3961 464 4024 Bene
489 3959 697 4024 Franckcnius
714 3944 866 4044 perspexit
882 3960 1040 4039 καιιόζνλον
1056 3970 1085 4023 et
1104 3959 1248 4044 putidum
1265 3957 1424 4041 essequod

336 4097 408 4158 opes
443 4074 535 4137 alicui
567 4094 621 4156 pro
652 4075 750 4157 patria
785 4096 849 4137 esse
880 4073 1031 4136 dicantur.
1079 4071 1240 4135 Eiusmodi
1271 4069 1346 4154 quid
1374 4069 1423 4134 vix

337 4187 410 4252 alibi
444 4188 475 4250 in
510 4186 602 4270 Lysia
633 4187 787 4259 invenias,
822 4209 890 4250 uam
921 4207 982 4250 non
1015 4205 1169 4248 moramur
1201 4207 1287 4260 eum,
1311 4183 1364 4266 qui
1388 4184 1420 4246 in

260 4351 262 4356 .
339 4299 504 4384 Epitaphio
546 4301 646 4382 (quem
683 4298 804 4382 Lysiam
840 4306 992 4362 auctorem
1029 4296 1139 4361 habere
1173 4296 1309 4360 nondum
1344 4294 1421 4360 mihi

339 4412 490 4497 persuasit
520 4409 564 4474 Le
595 4411 690 4496 Beau)
721 4414 738 4495 6
769 4413 809 4473 66
834 4411 972 4495 scripsit:
1004 4410 1133 4488 πατριδα
1154 4413 1207 4482 τὴν
1226 4409 1328 4486 αἱρετὴν
1352 4410 1424 4484 ἡνα-
