<?xml version="1.0" encoding="UTF-8"?>
<!DOCTYPE html PUBLIC "-//W3C//DTD XHTML 1.0 Transitional//EN"
    "http://www.w3.org/TR/xhtml1/DTD/xhtml1-transitional.dtd">
<html xmlns="http://www.w3.org/1999/xhtml" xml:lang="en" lang="en">
 <head>
  <title>
</title>
<meta http-equiv="Content-Type" content="text/html;charset=utf-8" />
  <meta name='ocr-system' content='tesseract 3.04.00' />
  <meta name='ocr-capabilities' content='ocr_page ocr_carea ocr_par ocr_line ocrx_word'/>
</head>
<body>
  <div class='ocr_page' id='page_1' title='image "./lectioneslysica00halbgoog_0063.png"; bbox 0 0 3364 5502; ppageno 0'>
   <div class='ocr_carea' id='block_1_1' title="bbox 366 557 1017 616">
    <p class='ocr_par' dir='ltr' id='par_1_1' title="bbox 366 557 1017 616">
     <span class='ocr_line' id='line_1_1' title="bbox 366 557 1017 616; baseline 0 0"><span class='ocrx_word' id='word_1_1' title='bbox 366 557 408 616; x_wconf 78' lang='lat'><em>48</em></span> <span class='ocrx_word' id='word_1_2' title='bbox 787 572 902 616; x_wconf 80' lang='lat' dir='ltr'><strong>ouar1o</strong></span> <span class='ocrx_word' id='word_1_3' title='bbox 925 571 1017 616; x_wconf 81' lang='lat' dir='ltr'><strong>xxm.</strong></span> 
     </span>
    </p>
   </div>
   <div class='ocr_carea' id='block_1_2' title="bbox 362 713 1450 1172">
    <p class='ocr_par' dir='ltr' id='par_1_2' title="bbox 362 713 1450 1172">
     <span class='ocr_line' id='line_1_2' title="bbox 364 713 1450 835; baseline 0.001 -19"><span class='ocrx_word' id='word_1_4' title='bbox 364 752 443 828; x_wconf 82' lang='grc' dir='ltr'><em>Ἐγώ</em></span> <span class='ocrx_word' id='word_1_5' title='bbox 465 756 521 815; x_wconf 88' lang='grc' dir='ltr'><em>τῶν</em></span> <span class='ocrx_word' id='word_1_6' title='bbox 536 749 684 831; x_wconf 74' lang='grc' dir='ltr'><em>ἀρχόντων</em></span> <span class='ocrx_word' id='word_1_7' title='bbox 702 713 875 816; x_wconf 72' lang='grc' dir='ltr'><em>ιίέλευθντων</em></span> <span class='ocrx_word' id='word_1_8' title='bbox 890 751 1102 830; x_wconf 70' lang='grc' dir='ltr'><em>συνεπριοθμιρνι</em></span> <span class='ocrx_word' id='word_1_9' title='bbox 1127 752 1158 815; x_wconf 88' lang='lat' dir='ltr'><em>in</em></span> <span class='ocrx_word' id='word_1_10' title='bbox 1175 751 1288 835; x_wconf 88' lang='lat' dir='ltr'><strong>quibus</strong></span> <span class='ocrx_word' id='word_1_11' title='bbox 1304 775 1366 816; x_wconf 91' lang='lat' dir='ltr'><em>nou</em></span> <span class='ocrx_word' id='word_1_12' title='bbox 1384 753 1450 817; x_wconf 88' lang='lat' dir='ltr'><strong>sine</strong></span> 
     </span>
     <span class='ocr_line' id='line_1_3' title="bbox 365 859 1445 950; baseline 0.002 -22"><span class='ocrx_word' id='word_1_13' title='bbox 365 885 455 928; x_wconf 89' lang='lat' dir='ltr'><strong>causa</strong></span> <span class='ocrx_word' id='word_1_14' title='bbox 486 863 608 929; x_wconf 87' lang='lat' dir='ltr'><strong>Nabero</strong></span> <span class='ocrx_word' id='word_1_15' title='bbox 638 863 729 928; x_wconf 89' lang='lat' dir='ltr'><strong>verba</strong></span> <span class='ocrx_word' id='word_1_16' title='bbox 756 859 792 928; x_wconf 86' lang='grc' dir='ltr'><em>ών</em></span> <span class='ocrx_word' id='word_1_17' title='bbox 814 864 828 927; x_wconf 87' lang='grc' dir='ltr'><em>θ</em></span> <span class='ocrx_word' id='word_1_18' title='bbox 851 864 935 940; x_wconf 85' lang='grc' dir='ltr'><em>νόμος</em></span> <span class='ocrx_word' id='word_1_19' title='bbox 958 863 1063 940; x_wconf 79' lang='grc' dir='ltr'><em>ἐξεῖναι</em></span> <span class='ocrx_word' id='word_1_20' title='bbox 1087 865 1197 930; x_wconf 78' lang='grc' dir='ltr'><em>κελεύει</em></span> <span class='ocrx_word' id='word_1_21' title='bbox 1221 865 1258 928; x_wconf 91' lang='lat' dir='ltr'><em>de</em></span> <span class='ocrx_word' id='word_1_22' title='bbox 1282 865 1445 950; x_wconf 88' lang='lat' dir='ltr'><strong>interpola·</strong></span> 
     </span>
     <span class='ocr_line' id='line_1_4' title="bbox 362 978 1447 1063; baseline 0.001 -22"><span class='ocrx_word' id='word_1_23' title='bbox 362 979 446 1042; x_wconf 91' lang='lat' dir='ltr'><strong>tione</strong></span> <span class='ocrx_word' id='word_1_24' title='bbox 461 989 602 1062; x_wconf 90' lang='lat' dir='ltr'><strong>suspecta</strong></span> <span class='ocrx_word' id='word_1_25' title='bbox 618 986 689 1042; x_wconf 90' lang='lat' dir='ltr'><strong>sunt</strong></span> <span class='ocrx_word' id='word_1_26' title='bbox 705 978 821 1042; x_wconf 84' lang='lat' dir='ltr'><strong>scilicet</strong></span> <span class='ocrx_word' id='word_1_27' title='bbox 837 978 968 1041; x_wconf 86' lang='lat' dir='ltr'><strong>conflata</strong></span> <span class='ocrx_word' id='word_1_28' title='bbox 983 1000 1019 1042; x_wconf 90' lang='lat' dir='ltr'><em>ex</em></span> <span class='ocrx_word' id='word_1_29' title='bbox 1033 979 1187 1063; x_wconf 84' lang='lat' dir='ltr'><strong>sequentis</strong></span> <span class='ocrx_word' id='word_1_30' title='bbox 1199 979 1216 1062; x_wconf 58' lang='lat' dir='ltr'><strong>t</strong></span> <span class='ocrx_word' id='word_1_31' title='bbox 1228 978 1345 1043; x_wconf 88' lang='lat' dir='ltr'><strong>verbis:</strong></span> <span class='ocrx_word' id='word_1_32' title='bbox 1364 983 1447 1058; x_wconf 74' lang='grc' dir='ltr'><em>ἡμεῖς</em></span> 
     </span>
     <span class='ocr_line' id='line_1_5' title="bbox 362 1089 1445 1172; baseline 0 -16"><span class='ocrx_word' id='word_1_33' title='bbox 362 1092 422 1170; x_wconf 84' lang='grc' dir='ltr'><em>γθιρ</em></span> <span class='ocrx_word' id='word_1_34' title='bbox 457 1092 523 1168; x_wconf 82' lang='grc' dir='ltr'><em>ύμῖν</em></span> <span class='ocrx_word' id='word_1_35' title='bbox 554 1091 766 1170; x_wconf 71' lang='grc' dir='ltr'><em>παρεσχόμεθα</em></span> <span class='ocrx_word' id='word_1_36' title='bbox 796 1091 844 1155; x_wconf 85' lang='grc' dir='ltr'><em>τὸν</em></span> <span class='ocrx_word' id='word_1_37' title='bbox 875 1091 977 1168; x_wconf 88' lang='grc' dir='ltr'><em>νόμον,</em></span> <span class='ocrx_word' id='word_1_38' title='bbox 1005 1089 1034 1163; x_wconf 78' lang='grc' dir='ltr'><em>ἐς</em></span> <span class='ocrx_word' id='word_1_39' title='bbox 1057 1093 1233 1172; x_wconf 68' lang='grc' dir='ltr'><em>ἀπαγορεύει</em></span> <span class='ocrx_word' id='word_1_40' title='bbox 1257 1093 1366 1169; x_wconf 74' lang='grc' dir='ltr'><em>μηδένα</em></span> <span class='ocrx_word' id='word_1_41' title='bbox 1389 1099 1445 1159; x_wconf 86' lang='grc' dir='ltr'><em>τῶν</em></span> 
     </span>
    </p>
   </div>
   <div class='ocr_carea' id='block_1_3' title="bbox 360 1205 1326 1286">
    <p class='ocr_par' dir='ltr' id='par_1_3' title="bbox 360 1205 1326 1286">
     <span class='ocr_line' id='line_1_6' title="bbox 360 1205 1326 1286; baseline 0.002 -16"><span class='ocrx_word' id='word_1_42' title='bbox 360 1205 448 1286; x_wconf 73' lang='grc' dir='ltr'><em>ἕκτῇ</em></span> <span class='ocrx_word' id='word_1_43' title='bbox 472 1205 554 1270; x_wconf 89' lang='grc' dir='ltr'><em>πόλει</em></span> <span class='ocrx_word' id='word_1_44' title='bbox 579 1205 668 1270; x_wconf 89' lang='grc' dir='ltr'><em>πλείω</em></span> <span class='ocrx_word' id='word_1_45' title='bbox 691 1211 769 1269; x_wconf 80' lang='grc' dir='ltr'><em>σῖτον</em></span> <span class='ocrx_word' id='word_1_46' title='bbox 793 1205 972 1278; x_wconf 78' lang='grc' dir='ltr'><em>πεντήκοντα</em></span> <span class='ocrx_word' id='word_1_47' title='bbox 995 1211 1112 1286; x_wconf 80' lang='grc' dir='ltr'><em>φορμῶν</em></span> <span class='ocrx_word' id='word_1_48' title='bbox 1135 1208 1326 1272; x_wconf 79' lang='grc' dir='ltr'><em>συνωνεῖσθαι.</em></span> 
     </span>
    </p>
   </div>
   <div class='ocr_carea' id='block_1_4' title="bbox 435 1665 1369 1854">
    <p class='ocr_par' dir='ltr' id='par_1_4' title="bbox 435 1665 1369 1854">
     <span class='ocr_line' id='line_1_7' title="bbox 435 1665 1369 1744; baseline 0.002 -15"><span class='ocrx_word' id='word_1_49' title='bbox 435 1666 584 1731; x_wconf 78' lang='lat' dir='ltr'><strong>Ouarlo</strong></span> <span class='ocrx_word' id='word_1_50' title='bbox 609 1667 731 1734; x_wconf 86' lang='lat' dir='ltr'>XXIII.</span> <span class='ocrx_word' id='word_1_51' title='bbox 779 1669 882 1734; x_wconf 85' lang='grc' dir='ltr'><em>Κατθι</em></span> <span class='ocrx_word' id='word_1_52' title='bbox 905 1668 1147 1744; x_wconf 86' lang='grc' dir='ltr'><em>Παγκλέωνος</em></span> <span class='ocrx_word' id='word_1_53' title='bbox 1171 1666 1224 1732; x_wconf 85' lang='grc' dir='ltr'><em>θτι</em></span> <span class='ocrx_word' id='word_1_54' title='bbox 1247 1670 1308 1732; x_wconf 90' lang='grc' dir='ltr'><em>ούκ</em></span> <span class='ocrx_word' id='word_1_55' title='bbox 1331 1665 1369 1743; x_wconf 76' lang='grc' dir='ltr'><em>ἦν</em></span> 
     </span>
     <span class='ocr_line' id='line_1_8' title="bbox 793 1783 1014 1854; baseline 0.005 -7"><span class='ocrx_word' id='word_1_56' title='bbox 793 1783 1014 1854; x_wconf 88' lang='grc' dir='ltr'><em>Πλαταιεύς.</em></span> 
     </span>
    </p>
   </div>
   <div class='ocr_carea' id='block_1_5' title="bbox 313 1992 1444 4461">
    <p class='ocr_par' dir='ltr' id='par_1_5' title="bbox 359 1992 1444 2645">
     <span class='ocr_line' id='line_1_9' title="bbox 402 1992 1443 2079; baseline 0.001 -21"><span class='ocrx_word' id='word_1_57' title='bbox 402 1996 420 2079; x_wconf 60' lang='lat' dir='ltr'><strong>p</strong></span> <span class='ocrx_word' id='word_1_58' title='bbox 443 1998 472 2061; x_wconf 82' lang='lat'><em>3.</em></span> <span class='ocrx_word' id='word_1_59' title='bbox 520 1997 605 2060; x_wconf 84' lang='grc' dir='ltr'><em>ἐλθών</em></span> <span class='ocrx_word' id='word_1_60' title='bbox 628 1998 675 2061; x_wconf 77' lang='grc' dir='ltr'><em>ἐπὶ</em></span> <span class='ocrx_word' id='word_1_61' title='bbox 699 1998 731 2061; x_wconf 83' lang='grc' dir='ltr'><em>τὸ</em></span> <span class='ocrx_word' id='word_1_62' title='bbox 754 2004 872 2075; x_wconf 82' lang='grc' dir='ltr'><em>κουρεῖον</em></span> <span class='ocrx_word' id='word_1_63' title='bbox 895 1997 929 2062; x_wconf 85' lang='grc' dir='ltr'><em>τὸ</em></span> <span class='ocrx_word' id='word_1_64' title='bbox 952 1998 1034 2075; x_wconf 73' lang='grc' dir='ltr'><em>παροδ</em></span> <span class='ocrx_word' id='word_1_65' title='bbox 1057 1997 1122 2068; x_wconf 84' lang='grc' dir='ltr'><em>τοὺς</em></span> <span class='ocrx_word' id='word_1_66' title='bbox 1145 1998 1275 2075; x_wconf 79' lang='grc' dir='ltr'><em>Ἐρμῶς,</em></span> <span class='ocrx_word' id='word_1_67' title='bbox 1300 1992 1334 2060; x_wconf 78' lang='grc' dir='ltr'><em>ἵν’</em></span> <span class='ocrx_word' id='word_1_68' title='bbox 1346 1996 1370 2060; x_wconf 88' lang='grc' dir='ltr'><em>οἱ</em></span> <span class='ocrx_word' id='word_1_69' title='bbox 1387 2005 1443 2058; x_wconf 90' lang='grc' dir='ltr'><em>Δε-</em></span> 
     </span>
     <span class='ocr_line' id='line_1_10' title="bbox 360 2108 1444 2192; baseline -0.001 -19"><span class='ocrx_word' id='word_1_70' title='bbox 360 2116 454 2182; x_wconf 86' lang='grc' dir='ltr'><em>κελείς</em></span> <span class='ocrx_word' id='word_1_71' title='bbox 478 2115 702 2190; x_wconf 74' lang='grc' dir='ltr'><em>προσφοιτῶσιν,</em></span> <span class='ocrx_word' id='word_1_72' title='bbox 727 2111 852 2192; x_wconf 79' lang='grc' dir='ltr'><em>ἠρώτων,</em></span> <span class='ocrx_word' id='word_1_73' title='bbox 877 2108 923 2182; x_wconf 87' lang='grc' dir='ltr'><em>ούς</em></span> <span class='ocrx_word' id='word_1_74' title='bbox 947 2109 974 2175; x_wconf 85' lang='grc' dir='ltr'><em>τ’</em></span> <span class='ocrx_word' id='word_1_75' title='bbox 994 2109 1179 2190; x_wconf 69' lang='grc' dir='ltr'><em>ἐξευρίσκοιμι</em></span> <span class='ocrx_word' id='word_1_76' title='bbox 1195 2109 1343 2174; x_wconf 81' lang='grc' dir='ltr'><em>Δεκελέων</em></span> <span class='ocrx_word' id='word_1_77' title='bbox 1359 2110 1444 2173; x_wconf 85' lang='grc' dir='ltr'><em>ἐπυν-</em></span> 
     </span>
     <span class='ocr_line' id='line_1_11' title="bbox 361 2223 1442 2302; baseline 0.001 -16"><span class='ocrx_word' id='word_1_78' title='bbox 361 2223 485 2301; x_wconf 71' lang='grc' dir='ltr'><em>θανόμην</em></span> <span class='ocrx_word' id='word_1_79' title='bbox 508 2223 541 2297; x_wconf 65' lang='grc' dir='ltr'><em>είΔ</em></span> <span class='ocrx_word' id='word_1_80' title='bbox 555 2248 620 2288; x_wconf 85' lang='grc' dir='ltr'><em>τινα</em></span> <span class='ocrx_word' id='word_1_81' title='bbox 643 2223 827 2302; x_wconf 72' lang='grc' dir='ltr'><em>γιγνώσκοιεν</em></span> <span class='ocrx_word' id='word_1_82' title='bbox 851 2224 1032 2289; x_wconf 76' lang='grc' dir='ltr'><em>Δεκελειόθεν</em></span> <span class='ocrx_word' id='word_1_83' title='bbox 1055 2224 1277 2302; x_wconf 75' lang='grc' dir='ltr'><em>δημοτευόμενον</em></span> <span class='ocrx_word' id='word_1_84' title='bbox 1300 2223 1442 2299; x_wconf 80' lang='grc' dir='ltr'><em>Παγκλέ-</em></span> 
     </span>
     <span class='ocr_line' id='line_1_12' title="bbox 363 2334 1443 2419; baseline 0 -19"><span class='ocrx_word' id='word_1_85' title='bbox 363 2362 431 2401; x_wconf 89' lang='grc' dir='ltr'><em>ωνα.</em></span> <span class='ocrx_word' id='word_1_86' title='bbox 465 2339 581 2412; x_wconf 71' lang='grc' dir='ltr'><em>Ἐπειδὴ</em></span> <span class='ocrx_word' id='word_1_87' title='bbox 605 2336 627 2401; x_wconf 83' lang='grc' dir='ltr'><em>δ’</em></span> <span class='ocrx_word' id='word_1_88' title='bbox 651 2337 740 2410; x_wconf 78' lang='grc' dir='ltr'><em>οὐδεὶς</em></span> <span class='ocrx_word' id='word_1_89' title='bbox 763 2338 879 2419; x_wconf 87' lang='grc' dir='ltr'><em>ἐφασκε</em></span> <span class='ocrx_word' id='word_1_90' title='bbox 902 2338 1071 2415; x_wconf 82' lang='grc' dir='ltr'><em>γιγνώσκειν</em></span> <span class='ocrx_word' id='word_1_91' title='bbox 1094 2337 1199 2414; x_wconf 85' lang='grc' dir='ltr'><em>αύπθν,</em></span> <span class='ocrx_word' id='word_1_92' title='bbox 1224 2337 1379 2413; x_wconf 91' lang='grc' dir='ltr'><em>πυθόμενος</em></span> <span class='ocrx_word' id='word_1_93' title='bbox 1402 2334 1443 2401; x_wconf 86' lang='grc' dir='ltr'><em>θτι</em></span> 
     </span>
     <span class='ocr_line' id='line_1_13' title="bbox 359 2450 1443 2534; baseline -0.001 -19"><span class='ocrx_word' id='word_1_94' title='bbox 359 2452 408 2515; x_wconf 73' lang='grc' dir='ltr'><em>καὶ</em></span> <span class='ocrx_word' id='word_1_95' title='bbox 444 2452 540 2531; x_wconf 80' lang='grc' dir='ltr'><em>ἑτέρως</em></span> <span class='ocrx_word' id='word_1_96' title='bbox 575 2452 656 2524; x_wconf 83' lang='grc' dir='ltr'><em>δίκας</em></span> <span class='ocrx_word' id='word_1_97' title='bbox 691 2453 747 2522; x_wconf 75' lang='grc' dir='ltr'><em>τοὶς</em></span> <span class='ocrx_word' id='word_1_98' title='bbox 781 2452 835 2530; x_wconf 77' lang='grc' dir='ltr'><em>μέν</em></span> <span class='ocrx_word' id='word_1_99' title='bbox 868 2453 974 2532; x_wconf 93' lang='grc' dir='ltr'><em>φεύγοι</em></span> <span class='ocrx_word' id='word_1_100' title='bbox 1008 2453 1065 2524; x_wconf 87' lang='grc' dir='ltr'><em>τθις</em></span> <span class='ocrx_word' id='word_1_101' title='bbox 1099 2453 1122 2516; x_wconf 90' lang='grc' dir='ltr'><em>δ’</em></span> <span class='ocrx_word' id='word_1_102' title='bbox 1145 2453 1273 2534; x_wconf 81' lang='grc' dir='ltr'><em>ῶφλύκοι</em></span> <span class='ocrx_word' id='word_1_103' title='bbox 1298 2450 1380 2532; x_wconf 88' lang='grc' dir='ltr'><em>παρθο</em></span> <span class='ocrx_word' id='word_1_104' title='bbox 1402 2452 1443 2530; x_wconf 72' lang='grc' dir='ltr'><em>τῷ</em></span> 
     </span>
     <span class='ocr_line' id='line_1_14' title="bbox 359 2561 853 2645; baseline 0 -17"><span class='ocrx_word' id='word_1_105' title='bbox 359 2566 555 2645; x_wconf 69' lang='grc' dir='ltr'><em>πολεμάρχῳ,</em></span> <span class='ocrx_word' id='word_1_106' title='bbox 580 2561 689 2644; x_wconf 76' lang='grc' dir='ltr'><em>ἔλαχον</em></span> <span class='ocrx_word' id='word_1_107' title='bbox 713 2564 761 2628; x_wconf 72' lang='grc' dir='ltr'><em>καί</em></span> <span class='ocrx_word' id='word_1_108' title='bbox 785 2566 853 2640; x_wconf 88' lang='grc' dir='ltr'><em>ἐγώ.</em></span> 
     </span>
    </p>

    <p class='ocr_par' dir='ltr' id='par_1_6' title="bbox 313 2677 1443 4219">
     <span class='ocr_line' id='line_1_15' title="bbox 404 2677 1442 2756; baseline -0.001 -14"><span class='ocrx_word' id='word_1_109' title='bbox 404 2678 474 2742; x_wconf 92' lang='lat' dir='ltr'><strong>Iure</strong></span> <span class='ocrx_word' id='word_1_110' title='bbox 498 2677 707 2741; x_wconf 80' lang='lat' dir='ltr'><strong>Franckenius</strong></span> <span class='ocrx_word' id='word_1_111' title='bbox 731 2677 829 2741; x_wconf 78' lang='lat' dir='ltr'>haesit</span> <span class='ocrx_word' id='word_1_112' title='bbox 853 2679 885 2741; x_wconf 91' lang='lat' dir='ltr'><em>in</em></span> <span class='ocrx_word' id='word_1_113' title='bbox 909 2677 1057 2742; x_wconf 87' lang='lat' dir='ltr'><strong>vocabulo</strong></span> <span class='ocrx_word' id='word_1_114' title='bbox 1081 2678 1190 2756; x_wconf 75' lang='grc' dir='ltr'><em>ἠρώτων</em></span> <span class='ocrx_word' id='word_1_115' title='bbox 1211 2685 1241 2741; x_wconf 85' lang='lat' dir='ltr'><em>et</em></span> <span class='ocrx_word' id='word_1_116' title='bbox 1257 2677 1364 2742; x_wconf 90' lang='lat' dir='ltr'><strong>docuit</strong></span> <span class='ocrx_word' id='word_1_117' title='bbox 1379 2699 1442 2741; x_wconf 87' lang='lat' dir='ltr'><em>nou</em></span> 
     </span>
     <span class='ocr_line' id='line_1_16' title="bbox 358 2789 1440 2856; baseline -0.001 -1"><span class='ocrx_word' id='word_1_118' title='bbox 358 2814 422 2856; x_wconf 88' lang='lat' dir='ltr'><strong>esse</strong></span> <span class='ocrx_word' id='word_1_119' title='bbox 459 2792 551 2854; x_wconf 91' lang='lat' dir='ltr'><strong>huius</strong></span> <span class='ocrx_word' id='word_1_120' title='bbox 585 2791 661 2855; x_wconf 88' lang='lat' dir='ltr'><strong>loci:</strong></span> <span class='ocrx_word' id='word_1_121' title='bbox 698 2799 729 2854; x_wconf 91' lang='lat' dir='ltr'><em>at</em></span> <span class='ocrx_word' id='word_1_122' title='bbox 763 2791 865 2855; x_wconf 89' lang='lat' dir='ltr'><strong>miuus</strong></span> <span class='ocrx_word' id='word_1_123' title='bbox 896 2791 968 2854; x_wconf 84' lang='lat' dir='ltr'><strong>felix</strong></span> <span class='ocrx_word' id='word_1_124' title='bbox 997 2811 1044 2854; x_wconf 89' lang='lat' dir='ltr'><em>me</em></span> <span class='ocrx_word' id='word_1_125' title='bbox 1067 2789 1170 2854; x_wconf 87' lang='lat' dir='ltr'><strong>iudice</strong></span> <span class='ocrx_word' id='word_1_126' title='bbox 1193 2790 1253 2853; x_wconf 89' lang='lat' dir='ltr'><strong>fuit</strong></span> <span class='ocrx_word' id='word_1_127' title='bbox 1275 2790 1307 2853; x_wconf 88' lang='lat' dir='ltr'><em>iu</em></span> <span class='ocrx_word' id='word_1_128' title='bbox 1332 2812 1440 2854; x_wconf 77' lang='lat' dir='ltr'><strong>caussa</strong></span> 
     </span>
     <span class='ocr_line' id='line_1_17' title="bbox 357 2903 1439 2990; baseline -0.003 -21"><span class='ocrx_word' id='word_1_129' title='bbox 357 2904 548 2990; x_wconf 80' lang='lat' dir='ltr'><strong>corruptelae</strong></span> <span class='ocrx_word' id='word_1_130' title='bbox 570 2903 759 2988; x_wconf 87' lang='lat' dir='ltr'><strong>indaganda,</strong></span> <span class='ocrx_word' id='word_1_131' title='bbox 785 2904 839 2969; x_wconf 92' lang='lat' dir='ltr'><em>ubi</em></span> <span class='ocrx_word' id='word_1_132' title='bbox 862 2905 1033 2980; x_wconf 79' lang='lat' dir='ltr'><strong>existimat,</strong></span> <span class='ocrx_word' id='word_1_133' title='bbox 1055 2904 1165 2984; x_wconf 76' lang='grc' dir='ltr'><em>ἠρώτων</em></span> <span class='ocrx_word' id='word_1_134' title='bbox 1183 2925 1247 2967; x_wconf 89' lang='lat' dir='ltr'><strong>esse</strong></span> <span class='ocrx_word' id='word_1_135' title='bbox 1260 2911 1439 2987; x_wconf 88' lang='lat' dir='ltr'><strong>corruptum</strong></span> 
     </span>
     <span class='ocr_line' id='line_1_18' title="bbox 324 3017 1440 3104; baseline -0.001 -22"><span class='ocrx_word' id='word_1_136' title='bbox 324 3019 327 3026; x_wconf 71' lang='grc'><em>’</em></span> <span class='ocrx_word' id='word_1_137' title='bbox 358 3041 392 3082; x_wconf 85' lang='lat' dir='ltr'><em>ex</em></span> <span class='ocrx_word' id='word_1_138' title='bbox 418 3018 478 3082; x_wconf 91' lang='lat' dir='ltr'><strong>alio</strong></span> <span class='ocrx_word' id='word_1_139' title='bbox 502 3018 668 3096; x_wconf 82' lang='lat' dir='ltr'><strong>vocabulo,</strong></span> <span class='ocrx_word' id='word_1_140' title='bbox 694 3027 723 3082; x_wconf 90' lang='lat' dir='ltr'><em>et</em></span> <span class='ocrx_word' id='word_1_141' title='bbox 743 3026 889 3104; x_wconf 88' lang='lat' dir='ltr'><strong>tauquam</strong></span> <span class='ocrx_word' id='word_1_142' title='bbox 912 3017 1022 3102; x_wconf 82' lang='lat' dir='ltr'><strong>Lysiae</strong></span> <span class='ocrx_word' id='word_1_143' title='bbox 1039 3040 1163 3082; x_wconf 88' lang='lat' dir='ltr'><strong>manum</strong></span> <span class='ocrx_word' id='word_1_144' title='bbox 1180 3017 1340 3102; x_wconf 84' lang='lat' dir='ltr'><strong>proponit:</strong></span> <span class='ocrx_word' id='word_1_145' title='bbox 1355 3040 1440 3096; x_wconf 85' lang='grc' dir='ltr'><em>προτ-</em></span> 
     </span>
     <span class='ocr_line' id='line_1_19' title="bbox 356 3128 1438 3215; baseline -0.006 -18"><span class='ocrx_word' id='word_1_146' title='bbox 356 3139 509 3215; x_wconf 87' lang='grc' dir='ltr'><em>φοιτῶσιν,</em></span> <span class='ocrx_word' id='word_1_147' title='bbox 534 3131 603 3213; x_wconf 83' lang='grc' dir='ltr'><em>παρ’</em></span> <span class='ocrx_word' id='word_1_148' title='bbox 626 3128 662 3196; x_wconf 86' lang='grc' dir='ltr'><em>ών</em></span> <span class='ocrx_word' id='word_1_149' title='bbox 685 3131 870 3210; x_wconf 76' lang='grc' dir='ltr'><em>ἐξευρίσκοιμι</em></span> <span class='ocrx_word' id='word_1_150' title='bbox 887 3131 1034 3196; x_wconf 77' lang='grc' dir='ltr'><em>Δεκελέων</em></span> <span class='ocrx_word' id='word_1_151' title='bbox 1051 3131 1256 3208; x_wconf 75' lang='grc' dir='ltr'><em>ἐπυνθανόμην.</em></span> <span class='ocrx_word' id='word_1_152' title='bbox 1281 3129 1324 3193; x_wconf 92' lang='lat' dir='ltr'><em>Ni</em></span> <span class='ocrx_word' id='word_1_153' title='bbox 1339 3129 1438 3206; x_wconf 86' lang='lat' dir='ltr'><strong>fallor,</strong></span> 
     </span>
     <span class='ocr_line' id='line_1_20' title="bbox 357 3243 1443 3330; baseline -0.003 -22"><span class='ocrx_word' id='word_1_154' title='bbox 357 3268 419 3309; x_wconf 90' lang='lat' dir='ltr'><em>non</em></span> <span class='ocrx_word' id='word_1_155' title='bbox 451 3252 537 3308; x_wconf 88' lang='lat' dir='ltr'><strong>tanto</strong></span> <span class='ocrx_word' id='word_1_156' title='bbox 561 3245 717 3309; x_wconf 88' lang='lat' dir='ltr'><strong>molimine</strong></span> <span class='ocrx_word' id='word_1_157' title='bbox 740 3267 826 3330; x_wconf 92' lang='lat' dir='ltr'><strong>opus.</strong></span> <span class='ocrx_word' id='word_1_158' title='bbox 873 3244 1003 3329; x_wconf 83' lang='lat' dir='ltr'><strong>Siquid</strong></span> <span class='ocrx_word' id='word_1_159' title='bbox 1028 3245 1109 3308; x_wconf 90' lang='lat' dir='ltr'><strong>euim</strong></span> <span class='ocrx_word' id='word_1_160' title='bbox 1133 3243 1238 3321; x_wconf 89' lang='lat' dir='ltr'><strong>video,</strong></span> <span class='ocrx_word' id='word_1_161' title='bbox 1263 3243 1373 3323; x_wconf 77' lang='grc' dir='ltr'><em>ἠρώτων</em></span> <span class='ocrx_word' id='word_1_162' title='bbox 1397 3251 1443 3306; x_wconf 85' lang='lat' dir='ltr'><strong>est</strong></span> 
     </span>
     <span class='ocr_line' id='line_1_21' title="bbox 355 3355 1441 3443; baseline -0.005 -20"><span class='ocrx_word' id='word_1_163' title='bbox 355 3359 506 3443; x_wconf 87' lang='lat' dir='ltr'><strong>glossema</strong></span> <span class='ocrx_word' id='word_1_164' title='bbox 538 3357 621 3422; x_wconf 91' lang='lat' dir='ltr'><strong>verbi</strong></span> <span class='ocrx_word' id='word_1_165' title='bbox 651 3358 845 3437; x_wconf 74' lang='grc' dir='ltr'><em>ἐπυνθανόμην</em></span> <span class='ocrx_word' id='word_1_166' title='bbox 853 3408 862 3441; x_wconf 94' lang='grc'><em>,</em></span> <span class='ocrx_word' id='word_1_167' title='bbox 897 3357 979 3443; x_wconf 89' lang='lat' dir='ltr'><strong>quod</strong></span> <span class='ocrx_word' id='word_1_168' title='bbox 1006 3380 1045 3421; x_wconf 88' lang='lat' dir='ltr'><em>ne</em></span> <span class='ocrx_word' id='word_1_169' title='bbox 1069 3357 1117 3421; x_wconf 88' lang='lat' dir='ltr'><em>cui</em></span> <span class='ocrx_word' id='word_1_170' title='bbox 1143 3357 1233 3421; x_wconf 88' lang='lat' dir='ltr'><strong>nimis</strong></span> <span class='ocrx_word' id='word_1_171' title='bbox 1258 3356 1374 3440; x_wconf 88' lang='lat' dir='ltr'><strong>puerile</strong></span> <span class='ocrx_word' id='word_1_172' title='bbox 1397 3355 1441 3419; x_wconf 89' lang='lat' dir='ltr'><em>vi·</em></span> 
     </span>
     <span class='ocr_line' id='line_1_22' title="bbox 356 3469 1441 3555; baseline -0.004 -19"><span class='ocrx_word' id='word_1_173' title='bbox 356 3472 480 3549; x_wconf 87' lang='lat' dir='ltr'><strong>deatur,</strong></span> <span class='ocrx_word' id='word_1_174' title='bbox 513 3471 682 3535; x_wconf 82' lang='lat' dir='ltr'><strong>adscribam</strong></span> <span class='ocrx_word' id='word_1_175' title='bbox 713 3471 789 3534; x_wconf 89' lang='lat' dir='ltr'><strong>duas</strong></span> <span class='ocrx_word' id='word_1_176' title='bbox 819 3470 954 3555; x_wconf 86' lang='lat' dir='ltr'><strong>glossas,</strong></span> <span class='ocrx_word' id='word_1_177' title='bbox 990 3469 1183 3534; x_wconf 88' lang='lat' dir='ltr'><strong>Homericam</strong></span> <span class='ocrx_word' id='word_1_178' title='bbox 1211 3477 1241 3532; x_wconf 92' lang='lat' dir='ltr'><em>et</em></span> <span class='ocrx_word' id='word_1_179' title='bbox 1264 3483 1441 3546; x_wconf 84' lang='lat' dir='ltr'><strong>sacram,e</strong></span> 
     </span>
     <span class='ocr_line' id='line_1_23' title="bbox 356 3581 1443 3665; baseline -0.004 -15"><span class='ocrx_word' id='word_1_180' title='bbox 356 3585 458 3650; x_wconf 90' lang='lat' dir='ltr'><strong>Photii</strong></span> <span class='ocrx_word' id='word_1_181' title='bbox 491 3584 621 3649; x_wconf 85' lang='lat' dir='ltr'><strong>Lexico:</strong></span> <span class='ocrx_word' id='word_1_182' title='bbox 649 3585 789 3650; x_wconf 89' lang='grc' dir='ltr'><em>Πύθοντο·</em></span> <span class='ocrx_word' id='word_1_183' title='bbox 821 3584 940 3665; x_wconf 81' lang='grc' dir='ltr'><em>ἠρώτων.</em></span> <span class='ocrx_word' id='word_1_184' title='bbox 979 3585 1156 3661; x_wconf 87' lang='grc' dir='ltr'><em>Πυθόμενος·</em></span> <span class='ocrx_word' id='word_1_185' title='bbox 1185 3583 1339 3664; x_wconf 72' lang='grc' dir='ltr'><em>ἐρωτήσας.</em></span> <span class='ocrx_word' id='word_1_186' title='bbox 1385 3581 1443 3646; x_wconf 85' lang='lat' dir='ltr'><em>Re·</em></span> 
     </span>
     <span class='ocr_line' id='line_1_24' title="bbox 313 3694 1441 3783; baseline -0.004 -21"><span class='ocrx_word' id='word_1_187' title='bbox 313 3732 317 3740; x_wconf 78' lang='lat'><em>=</em></span> <span class='ocrx_word' id='word_1_188' title='bbox 355 3706 439 3763; x_wconf 89' lang='lat' dir='ltr'><strong>moto</strong></span> <span class='ocrx_word' id='word_1_189' title='bbox 470 3709 571 3763; x_wconf 90' lang='lat' dir='ltr'><strong>autem</strong></span> <span class='ocrx_word' id='word_1_190' title='bbox 600 3698 709 3778; x_wconf 75' lang='grc' dir='ltr'><em>ἠρώτων</em></span> <span class='ocrx_word' id='word_1_191' title='bbox 741 3697 892 3783; x_wconf 89' lang='lat' dir='ltr'><strong>particula</strong></span> <span class='ocrx_word' id='word_1_192' title='bbox 926 3721 960 3761; x_wconf 89' lang='grc' dir='ltr'><em>τε</em></span> <span class='ocrx_word' id='word_1_193' title='bbox 991 3705 1061 3782; x_wconf 91' lang='lat' dir='ltr'><strong>post</strong></span> <span class='ocrx_word' id='word_1_194' title='bbox 1089 3695 1134 3769; x_wconf 86' lang='grc' dir='ltr'><em>ούς</em></span> <span class='ocrx_word' id='word_1_195' title='bbox 1159 3703 1266 3780; x_wconf 89' lang='lat' dir='ltr'><strong>sponte</strong></span> <span class='ocrx_word' id='word_1_196' title='bbox 1290 3694 1386 3759; x_wconf 88' lang='lat' dir='ltr'><strong>abibit</strong></span> <span class='ocrx_word' id='word_1_197' title='bbox 1407 3695 1441 3758; x_wconf 89' lang='lat' dir='ltr'><em>iu</em></span> 
     </span>
     <span class='ocr_line' id='line_1_25' title="bbox 354 3810 1437 3895; baseline -0.003 -18"><span class='ocrx_word' id='word_1_198' title='bbox 354 3836 409 3891; x_wconf 89' lang='grc' dir='ltr'><em>γε,</em></span> <span class='ocrx_word' id='word_1_199' title='bbox 434 3823 465 3876; x_wconf 89' lang='lat' dir='ltr'><em>et</em></span> <span class='ocrx_word' id='word_1_200' title='bbox 488 3812 614 3877; x_wconf 89' lang='lat' dir='ltr'><strong>habebis</strong></span> <span class='ocrx_word' id='word_1_201' title='bbox 637 3813 716 3876; x_wconf 84' lang='lat' dir='ltr'><strong>hanc</strong></span> <span class='ocrx_word' id='word_1_202' title='bbox 740 3813 921 3876; x_wconf 87' lang='lat' dir='ltr'><strong>sententiam</strong></span> <span class='ocrx_word' id='word_1_203' title='bbox 938 3810 1030 3895; x_wconf 86' lang='lat' dir='ltr'><strong>Lysia</strong></span> <span class='ocrx_word' id='word_1_204' title='bbox 1045 3810 1186 3895; x_wconf 89' lang='lat' dir='ltr'><strong>dignam:</strong></span> <span class='ocrx_word' id='word_1_205' title='bbox 1212 3816 1437 3894; x_wconf 82' lang='grc' dir='ltr'><em>προσφοιτῶσιν,</em></span> 
     </span>
     <span class='ocr_line' id='line_1_26' title="bbox 352 3923 1440 4008; baseline -0.006 -16"><span class='ocrx_word' id='word_1_206' title='bbox 352 3925 398 4000; x_wconf 85' lang='grc' dir='ltr'><em>ούς</em></span> <span class='ocrx_word' id='word_1_207' title='bbox 429 3951 467 4004; x_wconf 95' lang='grc' dir='ltr'><em>γε</em></span> <span class='ocrx_word' id='word_1_208' title='bbox 497 3923 683 4005; x_wconf 78' lang='grc' dir='ltr'><em>ἐξευρίσκοιμι</em></span> <span class='ocrx_word' id='word_1_209' title='bbox 715 3926 862 3990; x_wconf 83' lang='grc' dir='ltr'><em>Δεκελέων</em></span> <span class='ocrx_word' id='word_1_210' title='bbox 893 3923 1094 4001; x_wconf 72' lang='grc' dir='ltr'><em>ἐπυνθανόμην.</em></span> <span class='ocrx_word' id='word_1_211' title='bbox 1139 3923 1177 3987; x_wconf 92' lang='lat' dir='ltr'><em>In</em></span> <span class='ocrx_word' id='word_1_212' title='bbox 1201 3930 1334 3986; x_wconf 82' lang='lat' dir='ltr'><strong>extrema</strong></span> <span class='ocrx_word' id='word_1_213' title='bbox 1357 3945 1440 4008; x_wconf 87' lang='lat' dir='ltr'><strong>para·</strong></span> 
     </span>
     <span class='ocr_line' id='line_1_27' title="bbox 351 4037 1439 4124; baseline -0.004 -21"><span class='ocrx_word' id='word_1_214' title='bbox 351 4039 468 4124; x_wconf 85' lang='lat' dir='ltr'><strong>grapho</strong></span> <span class='ocrx_word' id='word_1_215' title='bbox 499 4039 612 4103; x_wconf 90' lang='lat' dir='ltr'><strong>mirum</strong></span> <span class='ocrx_word' id='word_1_216' title='bbox 645 4040 677 4103; x_wconf 92' lang='lat' dir='ltr'><em>ni</em></span> <span class='ocrx_word' id='word_1_217' title='bbox 700 4038 808 4124; x_wconf 88' lang='lat' dir='ltr'><strong>Lysias</strong></span> <span class='ocrx_word' id='word_1_218' title='bbox 832 4038 987 4124; x_wconf 84' lang='lat' dir='ltr'><strong>scripserit</strong></span> <span class='ocrx_word' id='word_1_219' title='bbox 1010 4040 1078 4120; x_wconf 81' lang='grc' dir='ltr'><em>πρὸς</em></span> <span class='ocrx_word' id='word_1_220' title='bbox 1101 4038 1149 4103; x_wconf 85' lang='grc' dir='ltr'><em>τδν</em></span> <span class='ocrx_word' id='word_1_221' title='bbox 1172 4037 1379 4118; x_wconf 80' lang='grc' dir='ltr'><em>πολέμαρχον,</em></span> <span class='ocrx_word' id='word_1_222' title='bbox 1405 4043 1439 4100; x_wconf 92' lang='lat' dir='ltr'><em>ut</em></span> 
     </span>
     <span class='ocr_line' id='line_1_28' title="bbox 352 4153 972 4219; baseline 0 -1"><span class='ocrx_word' id='word_1_223' title='bbox 352 4161 528 4219; x_wconf 81' lang='lat' dir='ltr'><strong>constanter</strong></span> <span class='ocrx_word' id='word_1_224' title='bbox 550 4153 583 4217; x_wconf 91' lang='lat' dir='ltr'><em>in</em></span> <span class='ocrx_word' id='word_1_225' title='bbox 606 4153 663 4217; x_wconf 87' lang='lat' dir='ltr'><em>hac</em></span> <span class='ocrx_word' id='word_1_226' title='bbox 687 4176 718 4217; x_wconf 92' lang='lat' dir='ltr'><em>re</em></span> <span class='ocrx_word' id='word_1_227' title='bbox 742 4154 839 4217; x_wconf 82' lang='lat' dir='ltr'><strong>Attici</strong></span> <span class='ocrx_word' id='word_1_228' title='bbox 863 4153 972 4218; x_wconf 86' lang='lat' dir='ltr'><strong>solent.</strong></span> 
     </span>
    </p>

    <p class='ocr_par' dir='ltr' id='par_1_7' title="bbox 351 4263 1437 4461">
     <span class='ocr_line' id='line_1_29' title="bbox 396 4263 1437 4352; baseline -0.004 -21"><span class='ocrx_word' id='word_1_229' title='bbox 396 4269 466 4352; x_wconf 61' lang='grc' dir='ltr'><em>ύθ.</em></span> <span class='ocrx_word' id='word_1_230' title='bbox 514 4267 650 4346; x_wconf 84' lang='grc' dir='ltr'><em>Ἡμέραις</em></span> <span class='ocrx_word' id='word_1_231' title='bbox 679 4267 770 4331; x_wconf 84' lang='grc' dir='ltr'><em>τοίνυν</em></span> <span class='ocrx_word' id='word_1_232' title='bbox 801 4265 880 4344; x_wconf 87' lang='grc' dir='ltr'><em>μετθι</em></span> <span class='ocrx_word' id='word_1_233' title='bbox 910 4273 1010 4332; x_wconf 83' lang='grc' dir='ltr'><em>ταῦτα</em></span> <span class='ocrx_word' id='word_1_234' title='bbox 1037 4269 1068 4331; x_wconf 90' lang='grc' dir='ltr'><em>ού</em></span> <span class='ocrx_word' id='word_1_235' title='bbox 1091 4273 1217 4338; x_wconf 82' lang='grc' dir='ltr'><em>πολλοῖς</em></span> <span class='ocrx_word' id='word_1_236' title='bbox 1241 4263 1354 4345; x_wconf 80' lang='grc' dir='ltr'><em>ὕστερον</em></span> <span class='ocrx_word' id='word_1_237' title='bbox 1376 4265 1437 4328; x_wconf 84' lang='grc' dir='ltr'><em>ίδῶν</em></span> 
     </span>
     <span class='ocr_line' id='line_1_30' title="bbox 351 4375 1432 4461; baseline -0.005 -15"><span class='ocrx_word' id='word_1_238' title='bbox 351 4380 495 4461; x_wconf 82' lang='grc' dir='ltr'><em>ώγθμενον</em></span> <span class='ocrx_word' id='word_1_239' title='bbox 522 4383 630 4446; x_wconf 77' lang='grc' dir='ltr'><em>τουτονί</em></span> <span class='ocrx_word' id='word_1_240' title='bbox 659 4381 846 4459; x_wconf 84' lang='grc' dir='ltr'><em>Παγκλέωνα</em></span> <span class='ocrx_word' id='word_1_241' title='bbox 876 4381 930 4446; x_wconf 80' lang='grc' dir='ltr'><em>ὑπὸ</em></span> <span class='ocrx_word' id='word_1_242' title='bbox 960 4381 1156 4459; x_wconf 73' lang='grc' dir='ltr'><em>Νικομήδους,</em></span> <span class='ocrx_word' id='word_1_243' title='bbox 1184 4375 1212 4451; x_wconf 80' lang='grc' dir='ltr'><em>ὃς</em></span> <span class='ocrx_word' id='word_1_244' title='bbox 1236 4378 1432 4458; x_wconf 76' lang='grc' dir='ltr'><em>ἐμαρτύρησεν</em></span> 
     </span>
    </p>
   </div>
   <div class='ocr_carea' id='block_1_6' title="bbox 1625 3981 1656 4022">
    <p class='ocr_par' dir='ltr' id='par_1_8' title="bbox 1625 3981 1656 4022">
     <span class='ocr_line' id='line_1_31' title="bbox 1625 3981 1656 4022; baseline 0 -7"><span class='ocrx_word' id='word_1_245' title='bbox 1625 3981 1656 4022; x_wconf 50' lang='lat'>4</span> 
     </span>
    </p>
   </div>
   <div class='ocr_carea' id='block_1_7' title="bbox 0 0 1686 5502">
    <p class='ocr_par' dir='ltr' id='par_1_9' title="bbox 0 0 1686 5502">
     <span class='ocr_line' id='line_1_32' title="bbox 0 0 1686 5502; baseline 0 7"><span class='ocrx_word' id='word_1_246' title='bbox 0 0 1686 5502; x_wconf 95' lang='lat' dir='ltr'><em> </em></span> 
     </span>
    </p>
   </div>
  </div>
 </body>
</html>
