3364 5502
687 613 802 657 onemo
824 612 860 656 11.
1293 593 1311 653 ὅ

131 851 133 854 .
224 793 344 870 κημένος
354 819 363 872 ;
386 793 491 859 ἔπειτα
510 793 725 871 παρακαλέσας
745 791 833 862 αὐτὸς
852 789 1001 871 μάοπυρας
1022 790 1158 869 ἠσέβουν,
1179 788 1241 865 ἐξόν
1252 813 1313 868 μοι,

225 907 304 988 εἴπερ
338 908 442 980 ἀδόλως
477 909 634 985 ἐπεθύμουν
668 906 755 971 αὐτὸν
785 905 947 986 ἀπολέσαι,
982 904 1092 982 μηδένα
1125 927 1173 980 μοι
1207 903 1314 969 τούτων

225 1021 397 1099 raucedinem

273 1134 323 1197 Ad
347 1132 473 1198 verbum
498 1134 619 1211 ἠσέβουν
642 1132 765 1216 requiro
788 1129 834 1196 ἀν.

289 1584 441 1648 Ouaulo
464 1584 508 1649 ΙΙ.
554 1584 776 1666 Ἐπιτάφιος
799 1591 876 1655 τοῖς
898 1583 1084 1663 Κοοονόόοον
1104 1584 1256 1661 βονόοῑς.

273 1812 290 1894 p
315 1813 366 1874 10.
413 1811 495 1876 αὐτοὶ
518 1811 548 1875 δὲ
571 1811 649 1895 (soil.
667 1812 883 1895 Athenienses)
899 1811 1045 1889 λαβόντες
1061 1810 1101 1875 ret
1117 1803 1211 1890 ἀόλα,
1225 1805 1316 1888 ὦνπερ

230 1920 322 1988 ἕνεκεν
351 1924 506 2006 ἀφίκοντο,
539 1926 604 1996 τοὺς
628 1925 766 2001 ’mystes
797 1924 925 2005 νεκρούς,
954 1924 1068 2004 ἔόαψαν
1100 1925 1129 1988 ἒν
1158 1931 1195 2004 τῇ
1223 1922 1317 1987 αὑτῶν

230 2034 384 2103 Ἐλευσῖνι.

276 2149 404 2230 Quanto
427 2151 617 2235 elegantius,
642 2151 726 2235 quod
750 2151 832 2235 apud
857 2150 1050 2214 Herodotum
1074 2149 1140 2227 IX,
1165 2149 1205 2212 27
1224 2148 1320 2212 Athe·

231 2263 352 2328 nienses
381 2263 419 2327 de
442 2286 474 2327 se
497 2265 557 2349 ipsi
581 2264 760 2349 praedicant
784 2273 891 2329 eontra
913 2263 1078 2347 Tegeates:
1101 2260 1320 2342 στρατευοάμε·

232 2398 270 2440 νον
306 2376 354 2440 ἐπὶ
390 2376 456 2448 τοὺς
490 2377 650 2453 Καδμείους
684 2378 836 2441 ἀνελέσθαι
863 2402 897 2441 τε
920 2377 986 2448 τοὺς
1009 2377 1119 2456 νεκρούς
1141 2381 1245 2456 φαμεν
1268 2374 1318 2439 καὶ

231 2488 325 2568 όάψαο
356 2498 409 2564 τῆς
442 2489 584 2569 ἡμετέρας
615 2491 644 2553 ἕν
675 2493 835 2572 Ἐλευσῖνι,
869 2491 930 2554 nisi
960 2489 1044 2574 quod
1074 2493 1104 2554 έν
1129 2489 1319 2553 reddendum

228 2600 373 2666 librariis.
420 2601 505 2665 Bene
529 2601 604 2666 adeo
628 2602 823 2667 consulueris
844 2603 973 2667 Rhetori
997 2611 1120 2680 nostro,
1137 2601 1192 2666 ubi
1209 2603 1237 2666 ei
1252 2601 1317 2665 red·

228 2714 343 2779 dideris
366 2715 482 2795 ἔόαψαν
503 2724 556 2788 τῆς
580 2717 674 2781 αὑτῶν
698 2716 851 2782 Ἐλευσῖνι.

275 2827 406 2893 Ibidem.
454 2823 516 2910 περ)
537 2829 590 2907 μὲν
609 2826 655 2896 οὖν
676 2830 744 2903 τοὺς
762 2831 960 2901 ἀποθανόντας
979 2835 1034 2894 τῶν
1054 2829 1133 2895 ema
1147 2829 1195 2893 ἐπὶ
1212 2829 1318 2906 Θήβας

231 2947 349 3006 τοιοῦτον
372 2942 536 3020 γεγόνασιν,

278 3055 385 3136 Quum
419 3057 452 3120 in
484 3057 693 3140 superioribus
724 3057 762 3121 de
792 3080 920 3123 numero
953 3060 1125 3143 septenario
1157 3059 1255 3123 altum
1279 3059 1320 3122 sit

232 3169 388 3233 silentium
410 3177 440 3233 et
458 3169 573 3234 Rhetor
592 3170 738 3253 loquetur
758 3170 795 3234 de
815 3173 923 3236 occisis
943 3173 977 3236 in
999 3195 1126 3257 genere,
1154 3172 1318 3238 deleverim

233 3283 328 3365 ἓπτά,
355 3285 494 3350 additum
518 3308 536 3350 a
558 3285 660 3349 neseio
684 3307 764 3369 quo,
792 3287 847 3369 qui
870 3286 988 3371 aliquid
1012 3287 1051 3351 de
1074 3294 1190 3373 septem
1206 3287 1319 3352 dueum

232 3405 341 3462 eontra
363 3398 484 3463 Thebas
509 3398 703 3483 expeditione
726 3398 929 3464 inaudiverat.

233 3514 237 3525 '
277 3509 350 3574 Non
373 3511 476 3575 minus
492 3511 529 3575 de
546 3511 783 3597 interpolatione
799 3520 976 3597 suspectum
992 3523 1039 3578 est
1054 3515 1167 3595 χιλίους
1183 3515 1215 3578 in
1231 3516 1318 3599 §aaz

234 3622 297 3699 ἐξὸν
328 3625 388 3705 etp
418 3628 498 3706 αὐτῷ
528 3625 643 3705 χολόαος
673 3625 756 3692 ναυσὶ
784 3625 961 3705 διαβιβάσαι
983 3629 1064 3693 xerat
1087 3628 1120 3692 τὸ
1142 3630 1320 3694 στενότατον

232 3743 285 3803 τοῦ
315 3739 532 3814 Ἑλλησπόντου
563 3741 615 3813 τὴν
646 3738 735 3819 πεζνν
762 3739 921 3819 σπραποάνε
955 3741 1034 3805 nihil
1066 3742 1146 3806 enim
1170 3742 1321 3806 attinebat

232 3852 291 3916 hoe
307 3873 430 3937 quoque
445 3853 513 3917 loeo
529 3875 692 3917 numerum
709 3853 820 3917 addere
836 3856 977 3933 navium,
997 3878 1086 3940 quem
1100 3856 1193 3920 modo
1205 3856 1321 3921 Rhetor

234 3964 378 4042 dederat,
407 3987 502 4048 quum
530 3965 645 4030 diceret
675 3989 776 4049 regem
810 3969 929 4032 venisse
956 3970 1070 4050 χολόαος
1092 3969 1142 4035 καὶ
1162 3949 1319 4043 δοανοοσόανς

232 4079 349 4143 ναυσίνε
378 4100 469 4162 quem
493 4080 519 4143 si
544 4080 590 4144 vel
615 4081 744 4144 maxime
771 4081 882 4146 addere
906 4084 1070 4160 voluisset,
1094 4085 1321 4170 praeposuisset

233 4192 397 4256 articulum
423 4199 506 4270 ταῖς,
532 4200 640 4277 utpote
664 4193 702 4257 de
726 4194 838 4278 quibus
862 4196 968 4280 paullo
990 4205 1060 4262 ante
1083 4198 1205 4262 loeutus
1229 4204 1317 4263 esset.

277 4307 295 4390 p
320 4308 370 4370 15.
417 4311 550 4371 τοσοῦτον
573 4307 597 4370 δ’
608 4306 741 4389 ἐφρόνουν
763 4309 940 4390 ἀμφότερον,
966 4308 1029 4375 teo*
1052 4312 1077 4376 οἱ
1102 4312 1155 4388 μὲν
1174 4307 1241 4387 μετ’
1262 4314 1319 4377 Εὐ-

232 4417 351 4499 ρυσόέοος
374 4417 450 4483 οὐδὲν
474 4422 543 4500 παρ’
566 4419 684 4485 ἑκόντων
707 4419 821 4504 ἐζήτουν
843 4423 1037 4510 εὑρίσκεσθαι,
1058 4425 1198 4503 Ἀόηναῖοο
1222 4425 1246 4493 δ’
1268 4428 1318 4493 οὐκ
