<?xml version="1.0" encoding="UTF-8"?>
<!DOCTYPE html PUBLIC "-//W3C//DTD XHTML 1.0 Transitional//EN"
    "http://www.w3.org/TR/xhtml1/DTD/xhtml1-transitional.dtd">
<html xmlns="http://www.w3.org/1999/xhtml" xml:lang="en" lang="en">
 <head>
  <title>
</title>
<meta http-equiv="Content-Type" content="text/html;charset=utf-8" />
  <meta name='ocr-system' content='tesseract 3.04.00' />
  <meta name='ocr-capabilities' content='ocr_page ocr_carea ocr_par ocr_line ocrx_word'/>
</head>
<body>
  <div class='ocr_page' id='page_1' title='image "./lectioneslysica00halbgoog_0034.png"; bbox 0 0 3364 5502; ppageno 0'>
   <div class='ocr_carea' id='block_1_1' title="bbox 684 556 1310 615">
    <p class='ocr_par' dir='ltr' id='par_1_1' title="bbox 684 556 1310 615">
     <span class='ocr_line' id='line_1_1' title="bbox 684 556 1310 615; baseline 0.003 -11"><span class='ocrx_word' id='word_1_1' title='bbox 684 561 798 604; x_wconf 75' lang='lat' dir='ltr'><strong>onrrro</strong></span> <span class='ocrx_word' id='word_1_2' title='bbox 822 564 852 606; x_wconf 83' lang='lat' dir='ltr'><strong>x.</strong></span> <span class='ocrx_word' id='word_1_3' title='bbox 1272 556 1310 615; x_wconf 87' lang='lat'><strong>19</strong></span> 
     </span>
    </p>
   </div>
   <div class='ocr_carea' id='block_1_2' title="bbox 129 736 1309 3646">
    <p class='ocr_par' dir='ltr' id='par_1_2' title="bbox 218 736 1309 1046">
     <span class='ocr_line' id='line_1_2' title="bbox 218 736 1309 824; baseline 0.008 -25"><span class='ocrx_word' id='word_1_4' title='bbox 218 736 367 815; x_wconf 74' lang='grc' dir='ltr'><em>προσήκειν</em></span> <span class='ocrx_word' id='word_1_5' title='bbox 386 737 410 800; x_wconf 80' lang='grc' dir='ltr'><strong>δ’</strong></span> <span class='ocrx_word' id='word_1_6' title='bbox 431 737 589 814; x_wconf 73' lang='grc' dir='ltr'><strong><em>ἡγούμενος</em></strong></span> <span class='ocrx_word' id='word_1_7' title='bbox 607 738 657 802; x_wconf 85' lang='grc' dir='ltr'><strong>καί</strong></span> <span class='ocrx_word' id='word_1_8' title='bbox 677 738 725 802; x_wconf 72' lang='lat' dir='ltr'><strong>aa</strong></span> <span class='ocrx_word' id='word_1_9' title='bbox 741 740 853 814; x_wconf 88' lang='grc' dir='ltr'><strong><em>ταύτην</em></strong></span> <span class='ocrx_word' id='word_1_10' title='bbox 871 743 923 816; x_wconf 77' lang='grc' dir='ltr'><strong><em>την</em></strong></span> <span class='ocrx_word' id='word_1_11' title='bbox 943 743 1088 819; x_wconf 59' lang='lat' dir='ltr'><strong>aaronem</strong></span> <span class='ocrx_word' id='word_1_12' title='bbox 1108 745 1309 824; x_wconf 84' lang='grc' dir='ltr'><strong><em>νἰτηλλοίχύαι</em></strong></span> 
     </span>
     <span class='ocr_line' id='line_1_3' title="bbox 218 849 1309 938; baseline 0.006 -25"><span class='ocrx_word' id='word_1_13' title='bbox 218 855 269 913; x_wconf 81' lang='grc' dir='ltr'><strong>τοῦ</strong></span> <span class='ocrx_word' id='word_1_14' title='bbox 291 851 499 930; x_wconf 79' lang='grc' dir='ltr'><strong><em>ἐγκλήματος,</em></strong></span> <span class='ocrx_word' id='word_1_15' title='bbox 524 849 566 914; x_wconf 81' lang='grc' dir='ltr'><strong>ἔτι</strong></span> <span class='ocrx_word' id='word_1_16' title='bbox 591 852 725 938; x_wconf 80' lang='grc' dir='ltr'><strong><em>πλείονας</em></strong></span> <span class='ocrx_word' id='word_1_17' title='bbox 752 853 813 915; x_wconf 82' lang='grc' dir='ltr'><strong>καί</strong></span> <span class='ocrx_word' id='word_1_18' title='bbox 837 853 965 930; x_wconf 73' lang='grc' dir='ltr'><strong><em>νόμους</em></strong></span> <span class='ocrx_word' id='word_1_19' title='bbox 988 858 1050 922; x_wconf 81' lang='grc' dir='ltr'><strong>καί</strong></span> <span class='ocrx_word' id='word_1_20' title='bbox 1075 856 1174 929; x_wconf 77' lang='grc' dir='ltr'><strong><em>ἄλλας</em></strong></span> <span class='ocrx_word' id='word_1_21' title='bbox 1200 857 1309 922; x_wconf 80' lang='grc' dir='ltr'><strong><em>δικαιού-</em></strong></span> 
     </span>
     <span class='ocr_line' id='line_1_4' title="bbox 218 963 1009 1046; baseline 0.01 -20"><span class='ocrx_word' id='word_1_22' title='bbox 218 987 277 1033; x_wconf 84' lang='grc' dir='ltr'><strong><em>σεις</em></strong></span> <span class='ocrx_word' id='word_1_23' title='bbox 301 963 545 1041; x_wconf 65' lang='grc' dir='ltr'><strong><em>παρασχήσομαι.</em></strong></span> <span class='ocrx_word' id='word_1_24' title='bbox 593 964 651 1027; x_wconf 85' lang='grc' dir='ltr'><strong>Καί</strong></span> <span class='ocrx_word' id='word_1_25' title='bbox 672 989 720 1042; x_wconf 85' lang='grc' dir='ltr'><strong>μοι</strong></span> <span class='ocrx_word' id='word_1_26' title='bbox 742 965 822 1043; x_wconf 80' lang='grc' dir='ltr'><strong><em>λαβὲ</em></strong></span> <span class='ocrx_word' id='word_1_27' title='bbox 844 969 893 1032; x_wconf 85' lang='grc' dir='ltr'><strong>τὸν</strong></span> <span class='ocrx_word' id='word_1_28' title='bbox 917 969 1009 1046; x_wconf 88' lang='grc' dir='ltr'><strong><em>νύμον.</em></strong></span> 
     </span>
    </p>

    <p class='ocr_par' dir='ltr' id='par_1_3' title="bbox 129 1075 1307 2063">
     <span class='ocr_line' id='line_1_5' title="bbox 265 1075 1307 1167; baseline 0.007 -29"><span class='ocrx_word' id='word_1_29' title='bbox 265 1075 488 1159; x_wconf 76' lang='lat' dir='ltr'>Harpocration</span> <span class='ocrx_word' id='word_1_30' title='bbox 519 1077 551 1139; x_wconf 92' lang='lat' dir='ltr'><strong>in</strong></span> <span class='ocrx_word' id='word_1_31' title='bbox 583 1076 695 1140; x_wconf 85' lang='lat' dir='ltr'><strong>Lexioo</strong></span> <span class='ocrx_word' id='word_1_32' title='bbox 726 1079 882 1152; x_wconf 68' lang='grc' dir='ltr'><strong>δικαιώσεις</strong></span> <span class='ocrx_word' id='word_1_33' title='bbox 911 1090 991 1146; x_wconf 89' lang='lat' dir='ltr'><strong>recte</strong></span> <span class='ocrx_word' id='word_1_34' title='bbox 1015 1083 1146 1167; x_wconf 85' lang='lat' dir='ltr'><strong>explicat</strong></span> <span class='ocrx_word' id='word_1_35' title='bbox 1168 1083 1307 1147; x_wconf 87' lang='grc' dir='ltr'><strong><em>δικαιολο-</em></strong></span> 
     </span>
     <span class='ocr_line' id='line_1_6' title="bbox 218 1190 1302 1274; baseline 0.006 -22"><span class='ocrx_word' id='word_1_36' title='bbox 218 1191 288 1265; x_wconf 81' lang='grc' dir='ltr'><strong><em>γίας</em></strong></span> <span class='ocrx_word' id='word_1_37' title='bbox 312 1190 332 1252; x_wconf 87' lang='lat' dir='ltr'><strong>i.</strong></span> <span class='ocrx_word' id='word_1_38' title='bbox 358 1211 383 1252; x_wconf 88' lang='lat' dir='ltr'><strong>e.</strong></span> <span class='ocrx_word' id='word_1_39' title='bbox 402 1200 597 1272; x_wconf 86' lang='lat' dir='ltr'><strong>argumenta,</strong></span> <span class='ocrx_word' id='word_1_40' title='bbox 616 1191 728 1273; x_wconf 87' lang='lat' dir='ltr'><strong>quibus</strong></span> <span class='ocrx_word' id='word_1_41' title='bbox 745 1193 813 1274; x_wconf 91' lang='lat' dir='ltr'><strong>quis</strong></span> <span class='ocrx_word' id='word_1_42' title='bbox 831 1215 967 1258; x_wconf 79' lang='lat' dir='ltr'>caussam</span> <span class='ocrx_word' id='word_1_43' title='bbox 986 1217 1071 1258; x_wconf 89' lang='lat' dir='ltr'><strong>suam</strong></span> <span class='ocrx_word' id='word_1_44' title='bbox 1088 1197 1197 1260; x_wconf 90' lang='lat' dir='ltr'><strong>firmet.</strong></span> <span class='ocrx_word' id='word_1_45' title='bbox 1222 1194 1302 1258; x_wconf 88' lang='lat' dir='ltr'><strong>Satis</strong></span> 
     </span>
     <span class='ocr_line' id='line_1_7' title="bbox 220 1303 1301 1392; baseline 0.005 -26"><span class='ocrx_word' id='word_1_46' title='bbox 220 1304 427 1386; x_wconf 88' lang='lat' dir='ltr'><strong>inopportuno</strong></span> <span class='ocrx_word' id='word_1_47' title='bbox 451 1303 519 1365; x_wconf 90' lang='lat' dir='ltr'><strong>loco</strong></span> <span class='ocrx_word' id='word_1_48' title='bbox 542 1303 639 1386; x_wconf 84' lang='lat' dir='ltr'><strong>igitur</strong></span> <span class='ocrx_word' id='word_1_49' title='bbox 662 1305 877 1389; x_wconf 87' lang='lat' dir='ltr'><strong>interpositum</strong></span> <span class='ocrx_word' id='word_1_50' title='bbox 901 1317 947 1370; x_wconf 90' lang='lat' dir='ltr'><strong>est</strong></span> <span class='ocrx_word' id='word_1_51' title='bbox 971 1308 1089 1389; x_wconf 77' lang='grc' dir='ltr'><strong><em>νόμους,</em></strong></span> <span class='ocrx_word' id='word_1_52' title='bbox 1114 1309 1195 1392; x_wconf 88' lang='lat' dir='ltr'><strong>leges</strong></span> <span class='ocrx_word' id='word_1_53' title='bbox 1220 1309 1301 1372; x_wconf 89' lang='lat' dir='ltr'><strong>enim</strong></span> 
     </span>
     <span class='ocr_line' id='line_1_8' title="bbox 217 1415 1303 1502; baseline 0.006 -24"><span class='ocrx_word' id='word_1_54' title='bbox 217 1416 249 1479; x_wconf 91' lang='lat' dir='ltr'><strong>in</strong></span> <span class='ocrx_word' id='word_1_55' title='bbox 274 1438 359 1479; x_wconf 86' lang='lat' dir='ltr'><strong>snam</strong></span> <span class='ocrx_word' id='word_1_56' title='bbox 384 1415 590 1479; x_wconf 81' lang='lat' dir='ltr'><strong>defensionem</strong></span> <span class='ocrx_word' id='word_1_57' title='bbox 615 1417 756 1481; x_wconf 81' lang='lat' dir='ltr'><strong>exhibere</strong></span> <span class='ocrx_word' id='word_1_58' title='bbox 780 1416 811 1480; x_wconf 93' lang='lat' dir='ltr'><strong>id</strong></span> <span class='ocrx_word' id='word_1_59' title='bbox 836 1419 939 1502; x_wconf 89' lang='lat' dir='ltr'><strong>ipsum</strong></span> <span class='ocrx_word' id='word_1_60' title='bbox 959 1429 1006 1484; x_wconf 88' lang='lat' dir='ltr'><strong>est</strong></span> <span class='ocrx_word' id='word_1_61' title='bbox 1025 1421 1177 1492; x_wconf 78' lang='grc' dir='ltr'><strong><em>δικαίωσις.</em></strong></span> <span class='ocrx_word' id='word_1_62' title='bbox 1211 1423 1303 1486; x_wconf 88' lang='lat' dir='ltr'><strong>Acce·</strong></span> 
     </span>
     <span class='ocr_line' id='line_1_9' title="bbox 217 1528 1302 1617; baseline 0.006 -25"><span class='ocrx_word' id='word_1_63' title='bbox 217 1528 283 1605; x_wconf 87' lang='lat' dir='ltr'><strong>dit,</strong></span> <span class='ocrx_word' id='word_1_64' title='bbox 308 1528 392 1610; x_wconf 92' lang='lat' dir='ltr'><strong>quod</strong></span> <span class='ocrx_word' id='word_1_65' title='bbox 416 1551 505 1605; x_wconf 89' lang='lat' dir='ltr'><strong>rens,</strong></span> <span class='ocrx_word' id='word_1_66' title='bbox 529 1530 582 1613; x_wconf 92' lang='lat' dir='ltr'><strong>qui</strong></span> <span class='ocrx_word' id='word_1_67' title='bbox 600 1529 715 1593; x_wconf 85' lang='lat' dir='ltr'><strong>nullam</strong></span> <span class='ocrx_word' id='word_1_68' title='bbox 732 1530 832 1594; x_wconf 89' lang='lat' dir='ltr'><strong>adhuc</strong></span> <span class='ocrx_word' id='word_1_69' title='bbox 849 1531 946 1615; x_wconf 85' lang='lat' dir='ltr'><strong>legem</strong></span> <span class='ocrx_word' id='word_1_70' title='bbox 968 1534 1116 1617; x_wconf 87' lang='lat' dir='ltr'><strong>protulit,</strong></span> <span class='ocrx_word' id='word_1_71' title='bbox 1135 1534 1184 1596; x_wconf 84' lang='lat' dir='ltr'><strong>vix</strong></span> <span class='ocrx_word' id='word_1_72' title='bbox 1201 1533 1302 1598; x_wconf 85' lang='lat' dir='ltr'><strong>dicere</strong></span> 
     </span>
     <span class='ocr_line' id='line_1_10' title="bbox 216 1641 1303 1730; baseline 0.005 -26"><span class='ocrx_word' id='word_1_73' title='bbox 216 1648 333 1726; x_wconf 87' lang='lat' dir='ltr'><strong>potest:</strong></span> <span class='ocrx_word' id='word_1_74' title='bbox 365 1641 406 1705; x_wconf 83' lang='grc' dir='ltr'><strong>ἐτι</strong></span> <span class='ocrx_word' id='word_1_75' title='bbox 439 1643 574 1713; x_wconf 83' lang='grc' dir='ltr'><strong><em>τλείονκς</em></strong></span> <span class='ocrx_word' id='word_1_76' title='bbox 607 1642 707 1720; x_wconf 84' lang='grc' dir='ltr'><strong><em>νύμονς</em></strong></span> <span class='ocrx_word' id='word_1_77' title='bbox 739 1652 985 1724; x_wconf 72' lang='grc' dir='ltr'><strong><em>παρασχήσομαι.</em></strong></span> <span class='ocrx_word' id='word_1_78' title='bbox 1032 1644 1065 1709; x_wconf 85' lang='lat' dir='ltr'><strong>si</strong></span> <span class='ocrx_word' id='word_1_79' title='bbox 1087 1647 1183 1730; x_wconf 83' lang='lat' dir='ltr'><strong>igitur</strong></span> <span class='ocrx_word' id='word_1_80' title='bbox 1206 1668 1303 1710; x_wconf 86' lang='lat' dir='ltr'><strong>versa·</strong></span> 
     </span>
     <span class='ocr_line' id='line_1_11' title="bbox 129 1755 1301 1839; baseline 0.003 -21"><span class='ocrx_word' id='word_1_81' title='bbox 129 1819 134 1826; x_wconf 87' lang='grc'><strong><em>,</em></strong></span> <span class='ocrx_word' id='word_1_82' title='bbox 217 1777 319 1819; x_wconf 86' lang='lat' dir='ltr'><strong>remur</strong></span> <span class='ocrx_word' id='word_1_83' title='bbox 342 1755 374 1818; x_wconf 90' lang='lat' dir='ltr'><strong>in</strong></span> <span class='ocrx_word' id='word_1_84' title='bbox 399 1755 518 1838; x_wconf 85' lang='lat' dir='ltr'><strong>integro</strong></span> <span class='ocrx_word' id='word_1_85' title='bbox 542 1755 638 1818; x_wconf 85' lang='lat' dir='ltr'><strong>Attici</strong></span> <span class='ocrx_word' id='word_1_86' title='bbox 661 1756 776 1839; x_wconf 85' lang='lat' dir='ltr'><strong>ingenii</strong></span> <span class='ocrx_word' id='word_1_87' title='bbox 793 1765 991 1821; x_wconf 86' lang='lat' dir='ltr'><strong>monumento</strong></span> <span class='ocrx_word' id='word_1_88' title='bbox 1008 1758 1113 1821; x_wconf 90' lang='lat' dir='ltr'><strong>nullus</strong></span> <span class='ocrx_word' id='word_1_89' title='bbox 1129 1758 1301 1823; x_wconf 79' lang='lat' dir='ltr'><strong>dubitarem</strong></span> 
     </span>
     <span class='ocr_line' id='line_1_12' title="bbox 216 1865 1304 1952; baseline 0.002 -21"><span class='ocrx_word' id='word_1_90' title='bbox 216 1889 388 1952; x_wconf 82' lang='lat' dir='ltr'><strong>expungere</strong></span> <span class='ocrx_word' id='word_1_91' title='bbox 415 1866 474 1930; x_wconf 81' lang='grc' dir='ltr'><strong>καί</strong></span> <span class='ocrx_word' id='word_1_92' title='bbox 502 1865 634 1943; x_wconf 75' lang='grc' dir='ltr'><strong><em>νόμους</em></strong></span> <span class='ocrx_word' id='word_1_93' title='bbox 656 1870 735 1943; x_wconf 90' lang='grc' dir='ltr'><strong><em>καί,</em></strong></span> <span class='ocrx_word' id='word_1_94' title='bbox 760 1877 868 1952; x_wconf 80' lang='lat' dir='ltr'><strong>utpote</strong></span> <span class='ocrx_word' id='word_1_95' title='bbox 891 1878 999 1934; x_wconf 91' lang='lat' dir='ltr'><strong>natum</strong></span> <span class='ocrx_word' id='word_1_96' title='bbox 1023 1892 1060 1935; x_wconf 84' lang='lat' dir='ltr'><strong>ex</strong></span> <span class='ocrx_word' id='word_1_97' title='bbox 1082 1871 1164 1935; x_wconf 88' lang='lat' dir='ltr'><strong>mala</strong></span> <span class='ocrx_word' id='word_1_98' title='bbox 1185 1870 1304 1936; x_wconf 88' lang='lat' dir='ltr'><strong>insoliti</strong></span> 
     </span>
     <span class='ocr_line' id='line_1_13' title="bbox 215 1980 640 2063; baseline -0.005 -18"><span class='ocrx_word' id='word_1_99' title='bbox 215 1980 355 2045; x_wconf 86' lang='lat' dir='ltr'><strong>vocabuli</strong></span> <span class='ocrx_word' id='word_1_100' title='bbox 379 1981 640 2063; x_wconf 85' lang='lat' dir='ltr'><strong>interpretatione.</strong></span> 
     </span>
    </p>

    <p class='ocr_par' dir='ltr' id='par_1_4' title="bbox 213 2094 1302 2851">
     <span class='ocr_line' id='line_1_14' title="bbox 259 2094 1299 2179; baseline 0.001 -22"><span class='ocrx_word' id='word_1_101' title='bbox 259 2096 276 2179; x_wconf 59' lang='lat' dir='ltr'><strong>d</strong></span> <span class='ocrx_word' id='word_1_102' title='bbox 302 2097 341 2157; x_wconf 78' lang='lat'><strong>14</strong></span> <span class='ocrx_word' id='word_1_103' title='bbox 367 2095 440 2178; x_wconf 83' lang='lat'>(†)..</span> <span class='ocrx_word' id='word_1_104' title='bbox 461 2095 598 2174; x_wconf 79' lang='grc' dir='ltr'><strong><em>Γνύριμος</em></strong></span> <span class='ocrx_word' id='word_1_105' title='bbox 615 2094 644 2156; x_wconf 82' lang='grc' dir='ltr'><strong><em>δέ</em></strong></span> <span class='ocrx_word' id='word_1_106' title='bbox 659 2094 811 2172; x_wconf 75' lang='grc' dir='ltr'><strong><em>γενόμενος</em></strong></span> <span class='ocrx_word' id='word_1_107' title='bbox 827 2096 874 2160; x_wconf 75' lang='lat' dir='ltr'><strong>aa</strong></span> <span class='ocrx_word' id='word_1_108' title='bbox 890 2103 942 2171; x_wconf 78' lang='grc' dir='ltr'><strong>τῆς</strong></span> <span class='ocrx_word' id='word_1_109' title='bbox 958 2098 1061 2162; x_wconf 85' lang='grc' dir='ltr'><strong><em>ἐκείνου</em></strong></span> <span class='ocrx_word' id='word_1_110' title='bbox 1080 2099 1133 2179; x_wconf 86' lang='lat' dir='ltr'><strong>(sc.</strong></span> <span class='ocrx_word' id='word_1_111' title='bbox 1151 2097 1299 2173; x_wconf 79' lang='lat' dir='ltr'><strong>Sostrati,</strong></span> 
     </span>
     <span class='ocr_line' id='line_1_15' title="bbox 216 2207 1296 2292; baseline 0.004 -22"><span class='ocrx_word' id='word_1_112' title='bbox 216 2209 269 2292; x_wconf 94' lang='lat' dir='ltr'><strong>qui</strong></span> <span class='ocrx_word' id='word_1_113' title='bbox 300 2208 343 2271; x_wconf 92' lang='lat' dir='ltr'><strong>rei</strong></span> <span class='ocrx_word' id='word_1_114' title='bbox 374 2209 489 2271; x_wconf 88' lang='lat' dir='ltr'><strong>amicus</strong></span> <span class='ocrx_word' id='word_1_115' title='bbox 521 2207 632 2290; x_wconf 85' lang='lat' dir='ltr'><strong>fuerat)</strong></span> <span class='ocrx_word' id='word_1_116' title='bbox 661 2207 832 2279; x_wconf 81' lang='grc' dir='ltr'><strong><em>δυναστείας</em></strong></span> <span class='ocrx_word' id='word_1_117' title='bbox 856 2209 916 2272; x_wconf 79' lang='grc' dir='ltr'><strong><em>οὔτ’</em></strong></span> <span class='ocrx_word' id='word_1_118' title='bbox 935 2209 1034 2289; x_wconf 77' lang='grc' dir='ltr'><strong><em>ἐχθρὸν</em></strong></span> <span class='ocrx_word' id='word_1_119' title='bbox 1057 2208 1296 2290; x_wconf 70' lang='grc' dir='ltr'><strong><em>ἐτιμωρησάμην,</em></strong></span> 
     </span>
     <span class='ocr_line' id='line_1_16' title="bbox 213 2319 1300 2403; baseline 0 -19"><span class='ocrx_word' id='word_1_120' title='bbox 213 2321 278 2386; x_wconf 88' lang='grc' dir='ltr'><strong><em>ούτε</em></strong></span> <span class='ocrx_word' id='word_1_121' title='bbox 306 2323 392 2403; x_wconf 80' lang='grc' dir='ltr'><strong><em>Φίλον</em></strong></span> <span class='ocrx_word' id='word_1_122' title='bbox 422 2319 612 2398; x_wconf 71' lang='grc' dir='ltr'><strong>εὐηργέτησαι.</strong></span> <span class='ocrx_word' id='word_1_123' title='bbox 644 2326 753 2390; x_wconf 80' lang='grc' dir='ltr'><strong><em>Ζῶντος</em></strong></span> <span class='ocrx_word' id='word_1_124' title='bbox 784 2321 837 2395; x_wconf 79' lang='grc' dir='ltr'><strong>μὲν</strong></span> <span class='ocrx_word' id='word_1_125' title='bbox 867 2321 926 2400; x_wconf 77' lang='grc' dir='ltr'><strong>γαρ</strong></span> <span class='ocrx_word' id='word_1_126' title='bbox 957 2321 1015 2384; x_wconf 74' lang='grc' dir='ltr'><strong>διὰ</strong></span> <span class='ocrx_word' id='word_1_127' title='bbox 1045 2324 1110 2396; x_wconf 79' lang='grc' dir='ltr'><strong><em>την</em></strong></span> <span class='ocrx_word' id='word_1_128' title='bbox 1133 2320 1300 2398; x_wconf 83' lang='grc' dir='ltr'><strong><em>οίνοίγκην</em></strong></span> 
     </span>
     <span class='ocr_line' id='line_1_17' title="bbox 214 2432 1301 2514; baseline 0.001 -17"><span class='ocrx_word' id='word_1_129' title='bbox 214 2434 272 2497; x_wconf 84' lang='grc' dir='ltr'><strong>καί</strong></span> <span class='ocrx_word' id='word_1_130' title='bbox 302 2434 349 2498; x_wconf 79' lang='grc' dir='ltr'><strong>δια</strong></span> <span class='ocrx_word' id='word_1_131' title='bbox 379 2435 431 2509; x_wconf 76' lang='grc' dir='ltr'><strong><em>την</em></strong></span> <span class='ocrx_word' id='word_1_132' title='bbox 459 2433 572 2507; x_wconf 80' lang='grc' dir='ltr'><strong><em>ἡλικίαν</em></strong></span> <span class='ocrx_word' id='word_1_133' title='bbox 601 2432 762 2513; x_wconf 78' lang='grc' dir='ltr'><strong><em>ἐσχόλαζον</em></strong></span> <span class='ocrx_word' id='word_1_134' title='bbox 770 2481 779 2514; x_wconf 93' lang='grc'><strong><em>,</em></strong></span> <span class='ocrx_word' id='word_1_135' title='bbox 811 2433 976 2504; x_wconf 73' lang='grc' dir='ltr'><strong><em>ἐκλιπόντος</em></strong></span> <span class='ocrx_word' id='word_1_136' title='bbox 1008 2435 1036 2498; x_wconf 77' lang='grc' dir='ltr'><strong>δὲ</strong></span> <span class='ocrx_word' id='word_1_137' title='bbox 1067 2435 1115 2498; x_wconf 77' lang='grc' dir='ltr'><strong>τὸν</strong></span> <span class='ocrx_word' id='word_1_138' title='bbox 1143 2435 1207 2510; x_wconf 84' lang='grc' dir='ltr'><strong><em>βίον</em></strong></span> <span class='ocrx_word' id='word_1_139' title='bbox 1233 2435 1301 2498; x_wconf 88' lang='grc' dir='ltr'><strong><em>ούτε</em></strong></span> 
     </span>
     <span class='ocr_line' id='line_1_18' title="bbox 214 2545 1298 2630; baseline -0.001 -18"><span class='ocrx_word' id='word_1_140' title='bbox 214 2547 311 2626; x_wconf 83' lang='grc' dir='ltr'><strong><em>λύγῳ,</em></strong></span> <span class='ocrx_word' id='word_1_141' title='bbox 343 2545 402 2611; x_wconf 81' lang='grc' dir='ltr'><strong><em>οὔτ’</em></strong></span> <span class='ocrx_word' id='word_1_142' title='bbox 433 2545 506 2626; x_wconf 80' lang='grc' dir='ltr'><strong><em>ἔργῳ</em></strong></span> <span class='ocrx_word' id='word_1_143' title='bbox 537 2545 665 2625; x_wconf 78' lang='grc' dir='ltr'><strong><em>ἔβλαψα</em></strong></span> <span class='ocrx_word' id='word_1_144' title='bbox 687 2546 787 2609; x_wconf 83' lang='grc' dir='ltr'><strong><em>ούδένα</em></strong></span> <span class='ocrx_word' id='word_1_145' title='bbox 808 2551 875 2609; x_wconf 81' lang='grc' dir='ltr'><strong>τῶν</strong></span> <span class='ocrx_word' id='word_1_146' title='bbox 898 2548 1214 2630; x_wconf 78' lang='grc' dir='ltr'><strong><em>κατηγορούντων,</em></strong></span> <span class='ocrx_word' id='word_1_147' title='bbox 1237 2546 1298 2628; x_wconf 80' lang='grc' dir='ltr'><strong>ἔχω</strong></span> 
     </span>
     <span class='ocr_line' id='line_1_19' title="bbox 214 2655 1302 2740; baseline -0.001 -16"><span class='ocrx_word' id='word_1_148' title='bbox 214 2661 243 2724; x_wconf 84' lang='grc' dir='ltr'><strong><em>δέ</em></strong></span> <span class='ocrx_word' id='word_1_149' title='bbox 273 2660 322 2724; x_wconf 84' lang='grc' dir='ltr'><strong>καί</strong></span> <span class='ocrx_word' id='word_1_150' title='bbox 355 2665 480 2724; x_wconf 80' lang='grc' dir='ltr'><strong><em>τοιαῦτα</em></strong></span> <span class='ocrx_word' id='word_1_151' title='bbox 510 2661 617 2733; x_wconf 76' lang='grc' dir='ltr'><strong><em>εἰπεῖν,</em></strong></span> <span class='ocrx_word' id='word_1_152' title='bbox 650 2657 683 2734; x_wconf 75' lang='grc' dir='ltr'><strong>ἐξ</strong></span> <span class='ocrx_word' id='word_1_153' title='bbox 713 2655 749 2722; x_wconf 79' lang='grc' dir='ltr'><strong>ὧν</strong></span> <span class='ocrx_word' id='word_1_154' title='bbox 780 2659 944 2740; x_wconf 72' lang='grc' dir='ltr'><strong><em>ὠφελοίμην</em></strong></span> <span class='ocrx_word' id='word_1_155' title='bbox 977 2658 1302 2739; x_wconf 62' lang='lat' dir='ltr'><strong>concatenatum</strong></span> 
     </span>
     <span class='ocr_line' id='line_1_20' title="bbox 214 2772 873 2851; baseline -0.005 -14"><span class='ocrx_word' id='word_1_156' title='bbox 214 2774 269 2837; x_wconf 82' lang='grc' dir='ltr'><strong>ὑπὸ</strong></span> <span class='ocrx_word' id='word_1_157' title='bbox 290 2779 345 2837; x_wconf 85' lang='grc' dir='ltr'><strong>τῶν</strong></span> <span class='ocrx_word' id='word_1_158' title='bbox 368 2773 530 2849; x_wconf 85' lang='grc' dir='ltr'><strong><em>οίντιδίκων,</em></strong></span> <span class='ocrx_word' id='word_1_159' title='bbox 556 2773 571 2845; x_wconf 78' lang='grc' dir='ltr'>ἢ</span> <span class='ocrx_word' id='word_1_160' title='bbox 595 2777 690 2842; x_wconf 80' lang='grc' dir='ltr'><strong><em>κακῶς</em></strong></span> <span class='ocrx_word' id='word_1_161' title='bbox 714 2772 873 2851; x_wconf 83' lang='grc' dir='ltr'><strong><em>τοίσχοιμι.</em></strong></span> 
     </span>
    </p>

    <p class='ocr_par' dir='ltr' id='par_1_5' title="bbox 169 2883 1299 3646">
     <span class='ocr_line' id='line_1_21' title="bbox 258 2883 1296 2969; baseline -0.002 -19"><span class='ocrx_word' id='word_1_162' title='bbox 258 2885 360 2950; x_wconf 82' lang='lat' dir='ltr'><strong>Codex</strong></span> <span class='ocrx_word' id='word_1_163' title='bbox 385 2886 476 2950; x_wconf 87' lang='lat' dir='ltr'><strong>habet</strong></span> <span class='ocrx_word' id='word_1_164' title='bbox 498 2885 546 2949; x_wconf 79' lang='grc' dir='ltr'><strong>δια</strong></span> <span class='ocrx_word' id='word_1_165' title='bbox 567 2886 619 2958; x_wconf 76' lang='grc' dir='ltr'><strong><em>την</em></strong></span> <span class='ocrx_word' id='word_1_166' title='bbox 641 2885 774 2962; x_wconf 86' lang='grc' dir='ltr'><strong><em>οίνοίγκην</em></strong></span> <span class='ocrx_word' id='word_1_167' title='bbox 797 2885 844 2949; x_wconf 80' lang='grc' dir='ltr'><strong>δύο</strong></span> <span class='ocrx_word' id='word_1_168' title='bbox 858 2886 911 2958; x_wconf 75' lang='grc' dir='ltr'><strong><em>την</em></strong></span> <span class='ocrx_word' id='word_1_169' title='bbox 927 2884 1041 2958; x_wconf 76' lang='grc' dir='ltr'><strong><em>ἡλικίαν</em></strong></span> <span class='ocrx_word' id='word_1_170' title='bbox 1057 2885 1169 2948; x_wconf 88' lang='lat' dir='ltr'><strong>omissa</strong></span> <span class='ocrx_word' id='word_1_171' title='bbox 1184 2883 1296 2969; x_wconf 89' lang='lat' dir='ltr'><strong>copula</strong></span> 
     </span>
     <span class='ocr_line' id='line_1_22' title="bbox 211 2998 1299 3082; baseline -0.002 -19"><span class='ocrx_word' id='word_1_172' title='bbox 211 3001 279 3076; x_wconf 92' lang='grc' dir='ltr'><strong><em>καί,</em></strong></span> <span class='ocrx_word' id='word_1_173' title='bbox 304 3023 340 3063; x_wconf 88' lang='lat' dir='ltr'><strong>ex</strong></span> <span class='ocrx_word' id='word_1_174' title='bbox 364 2999 476 3082; x_wconf 88' lang='lat' dir='ltr'><strong>quibus</strong></span> <span class='ocrx_word' id='word_1_175' title='bbox 499 2998 546 3061; x_wconf 83' lang='grc' dir='ltr'><strong><em>διίο</em></strong></span> <span class='ocrx_word' id='word_1_176' title='bbox 568 3000 620 3071; x_wconf 76' lang='grc' dir='ltr'><strong><em>την</em></strong></span> <span class='ocrx_word' id='word_1_177' title='bbox 644 2998 793 3074; x_wconf 86' lang='grc' dir='ltr'><strong><em>οίνοίγκην,</em></strong></span> <span class='ocrx_word' id='word_1_178' title='bbox 818 3020 893 3060; x_wconf 83' lang='lat' dir='ltr'><strong>crux</strong></span> <span class='ocrx_word' id='word_1_179' title='bbox 910 2998 1080 3074; x_wconf 90' lang='lat' dir='ltr'><strong>editorum,</strong></span> <span class='ocrx_word' id='word_1_180' title='bbox 1098 3021 1160 3062; x_wconf 91' lang='lat' dir='ltr'><strong>non</strong></span> <span class='ocrx_word' id='word_1_181' title='bbox 1176 2998 1299 3062; x_wconf 89' lang='lat' dir='ltr'><strong>videtur</strong></span> 
     </span>
     <span class='ocr_line' id='line_1_23' title="bbox 212 3110 1297 3194; baseline -0.001 -19"><span class='ocrx_word' id='word_1_182' title='bbox 212 3135 276 3175; x_wconf 88' lang='lat' dir='ltr'><strong>esse</strong></span> <span class='ocrx_word' id='word_1_183' title='bbox 299 3111 360 3174; x_wconf 89' lang='lat' dir='ltr'><strong>nisi</strong></span> <span class='ocrx_word' id='word_1_184' title='bbox 384 3111 465 3173; x_wconf 88' lang='lat' dir='ltr'><strong>varia</strong></span> <span class='ocrx_word' id='word_1_185' title='bbox 488 3110 579 3173; x_wconf 88' lang='lat' dir='ltr'><strong>lectio</strong></span> <span class='ocrx_word' id='word_1_186' title='bbox 603 3111 635 3172; x_wconf 93' lang='lat' dir='ltr'><strong>in</strong></span> <span class='ocrx_word' id='word_1_187' title='bbox 660 3110 827 3192; x_wconf 84' lang='lat' dir='ltr'><strong>marginem</strong></span> <span class='ocrx_word' id='word_1_188' title='bbox 843 3111 1015 3194; x_wconf 86' lang='lat' dir='ltr'><strong>releganda.</strong></span> <span class='ocrx_word' id='word_1_189' title='bbox 1042 3110 1297 3193; x_wconf 80' lang='lat' dir='ltr'><strong>Insequentibus</strong></span> 
     </span>
     <span class='ocr_line' id='line_1_24' title="bbox 211 3222 1297 3308; baseline 0 -21"><span class='ocrx_word' id='word_1_190' title='bbox 211 3225 334 3287; x_wconf 87' lang='lat' dir='ltr'><strong>Atticus</strong></span> <span class='ocrx_word' id='word_1_191' title='bbox 359 3223 529 3308; x_wconf 82' lang='lat' dir='ltr'><strong>scripsisset</strong></span> <span class='ocrx_word' id='word_1_192' title='bbox 551 3227 607 3285; x_wconf 82' lang='grc' dir='ltr'><strong>τῶν</strong></span> <span class='ocrx_word' id='word_1_193' title='bbox 630 3222 815 3302; x_wconf 79' lang='grc' dir='ltr'><strong><em>κατηγόρων,</em></strong></span> <span class='ocrx_word' id='word_1_194' title='bbox 841 3223 893 3286; x_wconf 92' lang='lat' dir='ltr'><strong>sed</strong></span> <span class='ocrx_word' id='word_1_195' title='bbox 917 3224 949 3287; x_wconf 91' lang='lat' dir='ltr'><strong>in</strong></span> <span class='ocrx_word' id='word_1_196' title='bbox 972 3233 1078 3286; x_wconf 91' lang='lat' dir='ltr'><strong>nostro</strong></span> <span class='ocrx_word' id='word_1_197' title='bbox 1098 3224 1297 3308; x_wconf 90' lang='lat' dir='ltr'><strong>epitomatore</strong></span> 
     </span>
     <span class='ocr_line' id='line_1_25' title="bbox 169 3335 1296 3422; baseline -0.002 -22"><span class='ocrx_word' id='word_1_198' title='bbox 169 3367 171 3370; x_wconf 95' lang='lat'>·</span> <span class='ocrx_word' id='word_1_199' title='bbox 210 3337 406 3422; x_wconf 86' lang='lat' dir='ltr'><strong>participium</strong></span> <span class='ocrx_word' id='word_1_200' title='bbox 438 3342 493 3400; x_wconf 82' lang='grc' dir='ltr'><strong>τῶν</strong></span> <span class='ocrx_word' id='word_1_201' title='bbox 524 3335 775 3414; x_wconf 76' lang='grc' dir='ltr'><strong><em>κατηγορούντων,</em></strong></span> <span class='ocrx_word' id='word_1_202' title='bbox 808 3336 890 3419; x_wconf 92' lang='lat' dir='ltr'><strong>quod</strong></span> <span class='ocrx_word' id='word_1_203' title='bbox 924 3337 1033 3420; x_wconf 91' lang='lat' dir='ltr'><strong>utique</strong></span> <span class='ocrx_word' id='word_1_204' title='bbox 1062 3336 1159 3400; x_wconf 92' lang='lat' dir='ltr'><strong>multo</strong></span> <span class='ocrx_word' id='word_1_205' title='bbox 1187 3335 1296 3400; x_wconf 85' lang='lat' dir='ltr'><strong>melius</strong></span> 
     </span>
     <span class='ocr_line' id='line_1_26' title="bbox 210 3447 1294 3534; baseline -0.001 -20"><span class='ocrx_word' id='word_1_206' title='bbox 210 3449 327 3514; x_wconf 88' lang='lat' dir='ltr'><strong>abesset</strong></span> <span class='ocrx_word' id='word_1_207' title='bbox 351 3457 474 3534; x_wconf 90' lang='lat' dir='ltr'><strong>propter</strong></span> <span class='ocrx_word' id='word_1_208' title='bbox 497 3449 546 3524; x_wconf 88' lang='lat' dir='ltr'><strong>id,</strong></span> <span class='ocrx_word' id='word_1_209' title='bbox 572 3447 655 3531; x_wconf 92' lang='lat' dir='ltr'><strong>qnod</strong></span> <span class='ocrx_word' id='word_1_210' title='bbox 674 3448 844 3531; x_wconf 84' lang='lat' dir='ltr'><strong>praecedit,</strong></span> <span class='ocrx_word' id='word_1_211' title='bbox 868 3449 929 3512; x_wconf 78' lang='grc' dir='ltr'><strong><em>οὔτ’</em></strong></span> <span class='ocrx_word' id='word_1_212' title='bbox 944 3449 1042 3530; x_wconf 79' lang='grc' dir='ltr'><strong><em>ἐχθρὸν</em></strong></span> <span class='ocrx_word' id='word_1_213' title='bbox 1057 3448 1294 3529; x_wconf 87' lang='grc' dir='ltr'><strong><em>ἐτιμωρηροίμην,</em></strong></span> 
     </span>
     <span class='ocr_line' id='line_1_27' title="bbox 210 3561 711 3646; baseline -0.004 -20"><span class='ocrx_word' id='word_1_214' title='bbox 210 3563 311 3627; x_wconf 90' lang='lat' dir='ltr'><strong>locum</strong></span> <span class='ocrx_word' id='word_1_215' title='bbox 335 3563 462 3626; x_wconf 83' lang='lat' dir='ltr'><strong>fortasse</strong></span> <span class='ocrx_word' id='word_1_216' title='bbox 485 3563 565 3626; x_wconf 89' lang='lat' dir='ltr'><strong>tueri</strong></span> <span class='ocrx_word' id='word_1_217' title='bbox 588 3561 711 3646; x_wconf 85' lang='lat' dir='ltr'><strong>poterit.</strong></span> 
     </span>
    </p>
   </div>
   <div class='ocr_carea' id='block_1_3' title="bbox 413 3939 1103 4016">
    <p class='ocr_par' dir='ltr' id='par_1_6' title="bbox 413 3939 1103 4016">
     <span class='ocr_line' id='line_1_28' title="bbox 413 3939 1103 4016; baseline 0.001 -13"><span class='ocrx_word' id='word_1_218' title='bbox 413 3939 563 4005; x_wconf 78' lang='lat' dir='ltr'><strong>Ocurro</strong></span> <span class='ocrx_word' id='word_1_219' title='bbox 586 3941 626 4004; x_wconf 90' lang='lat' dir='ltr'><strong>X.</strong></span> <span class='ocrx_word' id='word_1_220' title='bbox 673 3940 778 4004; x_wconf 77' lang='grc' dir='ltr'><strong><em>Κατὰ</em></strong></span> <span class='ocrx_word' id='word_1_221' title='bbox 801 3940 1039 4016; x_wconf 75' lang='grc' dir='ltr'><strong><em>Θεομνήστου</em></strong></span> <span class='ocrx_word' id='word_1_222' title='bbox 1062 3941 1103 4004; x_wconf 84' lang='grc' dir='ltr'><strong>α’.</strong></span> 
     </span>
    </p>
   </div>
   <div class='ocr_carea' id='block_1_4' title="bbox 207 4137 1299 4452">
    <p class='ocr_par' dir='ltr' id='par_1_7' title="bbox 207 4137 1299 4452">
     <span class='ocr_line' id='line_1_29' title="bbox 253 4137 1298 4228; baseline -0.003 -23"><span class='ocrx_word' id='word_1_223' title='bbox 253 4145 270 4228; x_wconf 64' lang='grc' dir='ltr'><strong>ξ</strong></span> <span class='ocrx_word' id='word_1_224' title='bbox 292 4149 323 4206; x_wconf 78' lang='lat'><strong>4.</strong></span> <span class='ocrx_word' id='word_1_225' title='bbox 370 4143 451 4219; x_wconf 83' lang='grc' dir='ltr'><strong><em>Ἐμοί</em></strong></span> <span class='ocrx_word' id='word_1_226' title='bbox 475 4143 551 4222; x_wconf 91' lang='grc' dir='ltr'><strong><em>γοίρ,</em></strong></span> <span class='ocrx_word' id='word_1_227' title='bbox 575 4137 596 4206; x_wconf 77' lang='grc' dir='ltr'><em>ὦ</em></span> <span class='ocrx_word' id='word_1_228' title='bbox 615 4139 712 4219; x_wconf 83' lang='grc' dir='ltr'><strong><em>οίνδρες</em></strong></span> <span class='ocrx_word' id='word_1_229' title='bbox 732 4140 887 4216; x_wconf 89' lang='grc' dir='ltr'><strong><em>δικασταί,</em></strong></span> <span class='ocrx_word' id='word_1_230' title='bbox 905 4139 954 4216; x_wconf 79' lang='grc' dir='ltr'><strong><em>ἐτη</em></strong></span> <span class='ocrx_word' id='word_1_231' title='bbox 969 4141 1021 4205; x_wconf 84' lang='grc' dir='ltr'><strong><em>είσί</em></strong></span> <span class='ocrx_word' id='word_1_232' title='bbox 1038 4139 1193 4221; x_wconf 89' lang='grc' dir='ltr'><strong><em>τριοίκοντα</em></strong></span> <span class='ocrx_word' id='word_1_233' title='bbox 1212 4139 1298 4220; x_wconf 88' lang='grc' dir='ltr'><strong><em>τρία,</em></strong></span> 
     </span>
     <span class='ocr_line' id='line_1_30' title="bbox 207 4247 1299 4335; baseline -0.006 -12"><span class='ocrx_word' id='word_1_234' title='bbox 207 4258 241 4334; x_wconf 76' lang='grc' dir='ltr'><strong>ἐξ</strong></span> <span class='ocrx_word' id='word_1_235' title='bbox 270 4255 334 4322; x_wconf 83' lang='grc' dir='ltr'><strong><em>ύτου</em></strong></span> <span class='ocrx_word' id='word_1_236' title='bbox 365 4256 388 4320; x_wconf 88' lang='grc' dir='ltr'><strong>δ’</strong></span> <span class='ocrx_word' id='word_1_237' title='bbox 413 4257 495 4334; x_wconf 83' lang='grc' dir='ltr'><strong><em>ὑμεῖς</em></strong></span> <span class='ocrx_word' id='word_1_238' title='bbox 528 4253 765 4335; x_wconf 76' lang='grc' dir='ltr'><strong><em>κατεληλύθατε,</em></strong></span> <span class='ocrx_word' id='word_1_239' title='bbox 794 4253 919 4319; x_wconf 85' lang='grc' dir='ltr'><strong><em>είκοστδν</em></strong></span> <span class='ocrx_word' id='word_1_240' title='bbox 950 4257 1046 4320; x_wconf 85' lang='grc' dir='ltr'><strong><em>τουτί.</em></strong></span> <span class='ocrx_word' id='word_1_241' title='bbox 1081 4254 1224 4328; x_wconf 86' lang='grc' dir='ltr'><strong><em>Φαίνομαι</em></strong></span> <span class='ocrx_word' id='word_1_242' title='bbox 1254 4247 1299 4317; x_wconf 88' lang='grc' dir='ltr'><strong>ούν</strong></span> 
     </span>
     <span class='ocr_line' id='line_1_31' title="bbox 208 4366 1253 4452; baseline -0.009 -15"><span class='ocrx_word' id='word_1_243' title='bbox 208 4369 439 4452; x_wconf 82' lang='grc' dir='ltr'><strong><em>τρισκαιδεκέτης</em></strong></span> <span class='ocrx_word' id='word_1_244' title='bbox 462 4371 497 4435; x_wconf 78' lang='grc' dir='ltr'><strong>ὢν</strong></span> <span class='ocrx_word' id='word_1_245' title='bbox 520 4367 567 4433; x_wconf 74' lang='grc' dir='ltr'><strong><em>ὅτε</em></strong></span> <span class='ocrx_word' id='word_1_246' title='bbox 591 4369 604 4432; x_wconf 80' lang='grc' dir='ltr'><strong><em>ί</em></strong></span> <span class='ocrx_word' id='word_1_247' title='bbox 629 4369 726 4447; x_wconf 81' lang='grc' dir='ltr'><strong><em>τατηρ</em></strong></span> <span class='ocrx_word' id='word_1_248' title='bbox 751 4367 805 4430; x_wconf 77' lang='grc' dir='ltr'><strong>ὑπὸ</strong></span> <span class='ocrx_word' id='word_1_249' title='bbox 828 4373 884 4434; x_wconf 79' lang='grc' dir='ltr'><strong>τῶν</strong></span> <span class='ocrx_word' id='word_1_250' title='bbox 907 4369 1062 4448; x_wconf 89' lang='grc' dir='ltr'><strong><em>τριοίκοντα</em></strong></span> <span class='ocrx_word' id='word_1_251' title='bbox 1082 4366 1253 4441; x_wconf 84' lang='grc' dir='ltr'><strong><em>οίσέύνησκε.</em></strong></span> 
     </span>
    </p>
   </div>
   <div class='ocr_carea' id='block_1_5' title="bbox 0 0 1686 5502">
    <p class='ocr_par' dir='ltr' id='par_1_8' title="bbox 0 0 1686 5502">
     <span class='ocr_line' id='line_1_32' title="bbox 0 0 1686 5502; baseline 0 2"><span class='ocrx_word' id='word_1_252' title='bbox 0 0 1686 5502; x_wconf 95' lang='lat' dir='ltr'><strong> </strong></span> 
     </span>
    </p>
   </div>
  </div>
 </body>
</html>
