3364 5502
650 621 765 664 omrro
788 621 873 666 xxiv,
1210 623 1213 628 ·
1259 609 1300 669 49

212 801 475 885 (Westermannus
487 807 568 864 reeta
580 799 766 883 ἐμαρτύρετο)
779 801 870 865 αὐτού
881 799 1023 874 δεσπότης
1035 795 1106 863 εἷναι
1118 848 1126 881 ,
1144 799 1299 877 προσῆλθον

211 914 385 994 βουλόμενος
402 912 503 978 εἰδέναι
522 913 614 990 ι’ποῖόν
632 937 659 977 τι
677 913 738 993 περὶ
757 914 847 978 αύτού
868 911 1076 998 πραχθήσοιτο.
1101 911 1179 976 Τότε
1191 905 1300 986 μὲνοῦν

212 1028 309 1101 ἐπειδή
328 1028 496 1092 ἐπαύσαντο
516 1027 698 1106 μαχόμενα,
719 1021 798 1091 εἶπόν
817 1049 891 1096 τινες
910 1031 965 1088 τῶν
985 1025 1076 1104 τούτῳ
1099 1024 1246 1116 παρόντων
1258 1020 1300 1087 ότι

179 1149 182 1153 ’
212 1141 257 1217 εἴη.
266 1143 346 1222 αὐτῷ
358 1141 488 1222 ἀδελφός
500 1137 529 1212 ὃς
540 1139 714 1220 ἐξαιρήσοιτο
726 1139 814 1204 αύτδν
825 1141 865 1212 εἷς
878 1139 1053 1219 ἐλευθερίαν·
1066 1140 1114 1204 ἐπὶ
1127 1139 1236 1210 τούτοις
1250 1139 1300 1215 ἐγ·

212 1253 390 1333 νυσσόμενοι
402 1252 533 1334 παρέξειν
545 1254 585 1326 εἰς
596 1253 707 1332 οέγορόιν
718 1251 827 1333 ᾤχοντο
840 1252 984 1325 οέπιόντες.
997 1261 1044 1334 Τή
1057 1251 1080 1316 δ’
1090 1252 1228 1334 ὑστεραία
1239 1251 1301 1315 κτέ.

252 1367 336 1432 vVide
360 1389 462 1431 annon
486 1365 594 1451 Lysiae
618 1366 824 1443 consulueris,
850 1367 876 1429 si
900 1375 969 1430 ante
987 1376 1051 1432 inl
1067 1365 1175 1437 τούτοις
1194 1388 1209 1429 e
1226 1365 1300 1448 fuga

212 1458 372 1546 retraxeris
396 1481 511 1545 litteras
536 1489 601 1544 ΕῙΤ
626 1481 645 1544 i.
669 1503 695 1544 e.
720 1476 782 1545 εἶτ’.

256 1597 274 1679 t
298 1598 348 1659 10.
395 1603 442 1675 Τή
466 1593 489 1657 δ’
514 1594 650 1674 ὑστεραία
672 1601 724 1667 τής
748 1619 781 1658 τε
803 1596 990 1676 ἐπιγραφῆς
1009 1591 1094 1658 ἕνεκα
1109 1594 1234 1668 ταυτησὶ
1251 1592 1301 1657 καὶ

213 1711 305 1782 αὐτῆς
323 1715 376 1782 τῆς
395 1707 472 1782 διἀης
491 1706 568 1774 ἐδοξέ
587 1730 634 1786 μοι
650 1713 756 1786 χρήναι
770 1706 918 1787 μοθρτυρας
930 1707 1055 1784 λαβόντι
1067 1707 1301 1786 παραγενέσθαι,

213 1815 245 1883 ἵν’
268 1821 368 1894 εέδεόην
389 1819 437 1884 τόν
460 1820 488 1884 τ’
512 1819 724 1900 ἐξαιρησόμενον
748 1821 837 1885 αὐτὸν
851 1821 901 1884 καὶ
916 1819 974 1886 θτι
990 1808 1085 1898 atym
1100 1822 1302 1902 ἀφαιρήσοιτο.

213 1935 283 2015 Ἐφ’
308 1928 348 2005 οἷς
370 1934 424 2010 μὲν
445 1930 491 1997 ούν
514 1932 698 2010 ἐξηγγυήθη,
714 1934 773 1999 οὔτ’
788 1935 917 2015 οἱδειιφός
933 1934 993 1999 οὔτ’
1009 1934 1100 2007 ἄλλος
1116 1935 1204 2007 οὐδεὶς
1217 1932 1300 2010 ήλόε,

213 2049 286 2122 γυνή
309 2046 338 2110 δὲ
360 2044 517 2127 Φύσκουσα
540 2049 631 2120 αὐτῆς
655 2046 742 2111 αὐτόν
765 2043 836 2112 εἶναι
859 2048 973 2125 δούλου,
998 2048 1234 2125 ύμΦισβητούσα
1259 2050 1299 2128 τῷ

213 2160 386 2237 Νικομήδει,
411 2159 462 2224 καὶ
486 2163 536 2226 ούκ
559 2159 617 2242 ἔφη
641 2160 735 2225 ε’ύνειν
759 2161 847 2225 αὐτὸν
870 2158 962 2237 ἄγειν.
1036 2219 1043 2230 ,

259 2273 356 2336 Miror
380 2273 511 2337 editores
533 2280 651 2336 tantam
675 2273 822 2336 orationis
847 2273 1019 2338 scabritiem
1043 2281 1105 2338 tam
1130 2274 1183 2337 diu
1204 2296 1301 2359 aequo

214 2385 316 2449 animo
347 2385 463 2449 tulisse.
517 2385 707 2449 Franckenio
740 2385 858 2470 aliquid
889 2385 1045 2462 suboluit,
1076 2386 1129 2450 sed
1164 2386 1303 2458 substitit

213 2498 246 2561 in
282 2520 333 2576 eo,
368 2505 405 2562 ut
440 2497 571 2562 dicaret:
609 2498 804 2576 „notandum
840 2498 919 2563 illud
953 2498 1010 2582 ἔφη
1042 2507 1112 2583 post
1133 2499 1302 2582 φύσκουσα.

214 2612 427 2690 „Oonoinnius
458 2612 567 2677 fuisset
595 2613 644 2678 καὶ
668 2615 719 2678 ούιι
742 2615 819 2678 ἐῶσα
843 2613 931 2678 αὐτὸν
953 2611 1070 2690 tyara?
1116 2613 1183 2676 Imo
1204 2613 1304 2677 delen-

215 2725 289 2790 dum
324 2727 500 2810 φύσιιουσα,
537 2726 621 2811 quod
655 2727 757 2792 neseio
793 2727 862 2810 quis
894 2727 1030 2811 arripuit
1053 2749 1090 2790 ex
1112 2727 1303 2811 paragrapho

214 2842 373 2924 sequenti,
407 2851 442 2905 ut
472 2841 602 2906 fulciret*
618 2843 736 2907 scilieet
760 2841 870 2927 Lysiae
894 2842 1081 2920 orationem,
1107 2843 1157 2906 oui
1181 2843 1304 2907 minime

213 2954 269 3018 tali
292 2955 450 3019 fulcimine
477 2977 554 3040 opus
578 2966 660 3020 aratz
685 2979 724 3020 ne
747 2957 830 3020 enim
853 2957 990 3034 dubites,
1016 2957 1092 3042 quin
1115 2964 1196 3022 reote
1212 2965 1305 3042 atque

212 3068 319 3133 ordine
350 3068 487 3132 dicatur:
520 3072 593 3145 γυνή
626 3070 655 3134 δὲ
687 3071 779 3143 αὐτῆς
810 3069 897 3136 αὐτόν
927 3066 999 3136 εἶναι
1026 3073 1125 3135 δοῦλον
1147 3071 1305 3151 ἀμφισβη-

199 3187 306 3246 ’τούσα
334 3184 375 3262 τῷ
398 3183 573 3260 Νικομήδει,
598 3183 714 3267 inspioe
739 3183 831 3248 huius
855 3183 1002 3248 orationis
1025 3185 1042 3268 t
1069 3187 1122 3247 13:
1146 3185 1305 3266 θμφισβη·

214 3299 270 3360 τῶν
299 3296 341 3374 μή
371 3296 440 3376 πρός
469 3297 518 3363 τόν
551 3297 740 3377 πολέμαρχον
767 3293 841 3363 εἶναό
866 3299 890 3362 οἱ
921 3299 977 3369 τὰς
1001 3299 1081 3370 διιοιύς
1106 3306 1152 3375 et,
1178 3298 1204 3361 si
1226 3299 1306 3363 tanti

216 3415 280 3486 est,
305 3406 427 3472 Isaeum
450 3407 488 3472 de
511 3409 620 3493 Pyrrhi
645 3409 812 3475 hereditate
835 3412 852 3495 ᾗ
869 3414 887 3472 6
911 3410 996 3475 etde
1013 3411 1305 3496 Cironisher.§19.

261 3523 353 3606 tlt.
402 3522 480 3586 Vide
504 3523 541 3588 ad
567 3522 620 3587 Or.
646 3521 716 3602 HI,
740 3526 757 3609 t
781 3527 834 3589 28.

276 3977 429 4042 Osarro
452 3979 571 4045 XXIV.
618 3980 706 4061 Πρός
730 3983 795 4056 τήν
818 3983 1067 4059 εἰσαγγελίαν
1089 3974 1168 4061 περὶ
1192 3986 1273 4046 τού.

419 4096 467 4170 μή
489 4093 650 4159 δι’δοσθαι
673 4097 720 4175 τῷ
742 4093 909 4176 ύδυνύτιρ
931 4097 1108 4177 ιἰργύριον.

264 4318 282 4401 t
308 4321 358 4382 14.
403 4319 489 4384 οὶλλόι
512 4320 571 4400 γόιρ
593 4321 650 4386 οὔθ’
674 4321 756 4400 ὑμεῖς
779 4323 871 4404 τούτῳ
892 4324 943 4397 τήν
967 4325 1059 4397 αὐτην
1079 4320 1161 4398 ἕξετε
1176 4320 1309 4399 γνύμην,

219 4429 277 4496 οθθ·
298 4428 378 4505 ούτος
402 4428 433 4497 εύ
457 4438 552 4497 ποιῶν.

1169 4552 1185 4605 7
