3364 5502
666 594 780 639 casuro
803 591 867 638 χιιι.
1266 578 1307 638 41

269 769 425 836 Numerus
447 774 591 849 navium,
620 794 695 856 quas
719 772 922 835 Athenienses
947 771 1054 854 legatis
1078 770 1234 856 Euagorae
1260 769 1312 833 de·

224 883 352 964 derunt,
386 895 479 949 notus
510 894 556 951 est
579 907 615 949 ex
637 885 654 968 h
679 889 739 963 43,
765 886 819 950 ubi
843 886 917 950 dicit
941 893 1058 949 orator:
1084 884 1132 950 acl
1157 884 1233 949 ἔδοτε
1259 888 1311 950 αὐ-

223 1006 282 1069 τοῖς
301 999 357 1069 τοῖς
375 998 445 1064 δέκα
463 1005 552 1075 ναιῖς,
574 999 679 1063 addito
699 1000 846 1077 articulo,
866 1022 957 1084 quem
971 1022 1030 1063 non
1044 999 1229 1074 addidisset,
1250 999 1311 1062 nisi
1352 1034 1357 1043 ·

223 1111 283 1174 iam
315 1119 386 1176 aute
416 1135 577 1176 numerum
610 1113 783 1176 iudicasset.
831 1112 977 1198 Suspicor
1006 1114 1110 1196 itaque
1134 1113 1164 1176 h.
1189 1112 1211 1177 l.
1240 1113 1312 1176 δέκα

225 1233 294 1307 post
316 1225 346 1289 δέ
370 1225 535 1302 excidisse,
561 1225 645 1308 quod
669 1225 766 1309 magis
790 1227 881 1290 etiam
905 1226 1063 1310 probabile
1086 1226 1154 1302 fiet,
1177 1227 1202 1288 si
1215 1226 1311 1290 consi·

159 1359 168 1380 ·
224 1337 447 1416 deraverimus,
480 1347 629 1402 oratorem
661 1339 692 1402 id
721 1361 826 1423 agere,
847 1351 883 1402 ut
906 1339 1048 1402 ostendat
1072 1339 1309 1423 Aristophanem

226 1473 368 1534 magnam
391 1453 537 1535 pecuniae
560 1454 621 1516 vim
645 1453 848 1537 impendisse,
874 1453 976 1537 itaque
1000 1453 1079 1516 male
1104 1453 1149 1528 ei,
1166 1453 1216 1516 cui
1235 1449 1314 1518 hauc

225 1565 392 1631 orationem
417 1567 554 1651 scripsit,
579 1567 794 1631 consulturum
816 1566 929 1642 luisse,
954 1566 980 1630 si
1003 1587 1163 1630 numerum
1186 1569 1311 1630 navium

226 1679 393 1755 omisisset,
413 1683 453 1752 εἰς
472 1677 525 1755 ἃς,
546 1689 582 1742 ut
599 1702 669 1743 mox
687 1679 789 1757 addit,
806 1680 901 1762 legati
912 1686 1026 1743 πολλῶν
1037 1678 1200 1759 χρημάτων
1212 1703 1313 1760 προσε-

223 1791 377 1867 δεήθησαν,
405 1793 493 1857 cuius
519 1795 665 1878 pecuniae
688 1795 729 1858 rol
752 1801 882 1858 πλεῖστα
895 1795 983 1864 αθτδς
995 1794 1208 1874 Ἀριστοφάνης
1220 1793 1307 1874 παρθ·

222 1927 306 1984 σχεν.
354 1905 499 1988 Magnam
532 1907 613 1971 enim
644 1915 762 1990 partem
793 1929 810 1969 a
837 1927 965 1970 numero
989 1907 1113 1970 narium
1137 1906 1308 1990 pendebat,

222 2028 338 2102 quanta
361 2020 490 2104 pecunia
513 2019 550 2082 ab
575 2020 781 2103 Aristophane
806 2027 930 2103 erogata
953 2027 1041 2083 esset.
1083 2018 1119 2083 ln
1142 2019 1203 2083 fine
1216 2019 1315 2083 huius

223 2135 240 2217 d
263 2133 323 2196 alio
347 2132 438 2195 modo
461 2133 578 2197 librarii
602 2134 730 2215 grassati
755 2133 915 2209 videntur;
936 2132 1210 2217 pessumdederunt
1232 2133 1313 2197 enim

226 2242 336 2328 Lysiae
361 2245 451 2310 verba
472 2246 634 2310 inserendo
657 2247 733 2327 γάρ,
759 2267 820 2331 qua
843 2246 996 2330 particula
1017 2246 1118 2310 deleta
1141 2259 1171 2310 et
1194 2255 1312 2311 mutata

226 2357 473 2442 interpunctione
504 2359 572 2422 locc
602 2360 706 2422 statim
728 2381 801 2422 suus
825 2361 908 2423 nitor
931 2359 1069 2422 redditus
1092 2360 1159 2423 erit.
1205 2359 1313 2444 Lysias

227 2471 325 2548 enim,
360 2471 485 2556 opinor,
518 2473 695 2556 scripserat:
728 2479 842 2536 πολλῶν
871 2473 900 2536 δὲ·
930 2473 1154 2550 προσεδεήθησαν
1178 2475 1209 2537 οὐ
1232 2473 1317 2548 μθνον

225 2584 264 2655 εἷς
297 2584 354 2655 τοὶς
389 2589 477 2660 ναῦς,
513 2586 597 2649 θλλθι
632 2587 682 2651 καὶ
716 2586 892 2658 πελτασταῖς
928 2585 1120 2658 ἐμισθώσαντο
1156 2586 1205 2649 καὶ
1235 2583 1318 2650 ὅπλα

225 2698 367 2778 ἐπρίαντο.
415 2696 523 2762 Rarior
545 2699 732 2763 constructio
756 2699 863 2763 scribis
886 2699 987 2763 fraudi
1010 2699 1078 2763 fuit.
1119 2697 1192 2763 Non
1210 2700 1310 2763 minus

225 2813 356 2897 turpiter
378 2813 561 2897 interpolata
585 2823 631 2878 est
653 2817 670 2898 b
692 2836 832 2898 sequeus.
870 2814 997 2878 Editur:
1028 2813 1116 2893 Τήδὲ
1129 2811 1315 2896 προτεραθριή

226 2923 244 3007 ή
274 2928 417 3004 οὶνήρετο,
449 2928 579 2991 εἰσελθὼν
607 2930 644 2998 ὡς
674 2927 723 2992 τὸν
746 2927 862 3006 πατέρα
884 2929 932 2991 τδν
956 2928 1024 3000 ε’μθν
1047 2925 1180 2991 εἰοέλενσε
1202 2935 1313 3008 χρῆσαι

227 3036 245 3104 θ
264 3065 292 3103 τι
316 3038 358 3115 sla
381 3041 530 3120 οὲρρθριον·
558 3043 687 3123 προσδεῖν
711 3043 771 3119 γὰρ
795 3041 852 3124 ἔφη
877 3043 945 3122 πρὸς
968 3041 1016 3106 τὸν
1040 3041 1138 3118 μισθὸν
1161 3049 1220 3115 τοῖς
1244 3057 1316 3107 πελ-

227 3159 365 3224 τασταῖς.
412 3152 525 3217 Saltem
561 3153 725 3218 dicendum
756 3154 857 3218 luerat
886 3157 925 3226 εἷς
957 3155 1005 3220 τὸν
1036 3156 1143 3231 μισθθν.
1191 3157 1233 3218 At
1254 3176 1317 3218 non
1387 3223 1396 3242 ,

229 3266 302 3329 haec
335 3265 426 3331 verba
453 3265 564 3350 Lysiae
587 3274 679 3344 sunt,
704 3267 757 3330 sed
780 3267 1025 3352 interpolatoris,
1050 3268 1104 3352 qui
1127 3289 1189 3330 non
1212 3289 1318 3331 conco·

234 3378 349 3463 quebat
375 3379 505 3460 προσδεῖν
528 3389 587 3452 τοῖς
615 3380 818 3458 πελτασταις,
844 3381 997 3459 Atticam,
1022 3380 1048 3444 si
1071 3403 1132 3464 qua
1155 3380 1231 3459 alia,
1257 3403 1319 3445 ver-

229 3492 337 3557 borum
360 3499 564 3571 structuram,
582 3501 660 3558 teste
675 3494 742 3579 ipso
758 3493 850 3579 Lysia
865 3495 897 3558 in
914 3495 969 3559 hac
985 3495 1052 3580 ipsa
1067 3494 1213 3559 Oratione
1228 3497 1317 3580 §thr

225 3607 303 3684 ὤμνυ
330 3607 379 3672 καὶ
404 3608 650 3687 προσδεδανεῖσθαι
673 3616 732 3680 τοῖς
755 3608 841 3685 ξένοις
865 3609 996 3674 ἄλλοθεν.

269 3721 361 3804 tab.
408 3719 621 3803 Ἀριστοφοθνιρς
653 3722 745 3786 τοίνυν
777 3723 887 3787 ἁκούων
910 3723 964 3799 μὲν
987 3727 1087 3786 ταῦτα
1111 3722 1233 3799 Δήμου,
1259 3721 1315 3786 δεο·

229 3832 314 3910 μένον
346 3833 369 3896 δ’
395 3833 483 3915 ε’μοῦ,
512 3833 629 3911 μέλλων
652 3833 675 3896 δ’
700 3833 778 3909 ἄξειν
802 3835 834 3899 τὸ
857 3835 993 3917 χρυσίον,
1017 3833 1162 3914 τέτταρας
1186 3834 1216 3898 δὲ
1238 3838 1316 3911 μναῖς

228 3944 309 4010 πθιιον
337 3946 502 4027 λήψεσθαι,
533 3949 583 4012 οὐκ
606 3946 664 4029 ἔφη
690 3944 777 4025 εἶναι,
801 3947 873 4013 αλλ’
896 3947 974 4026 ὤμνυ
996 3947 1046 4011 καὶ
1070 3948 1316 4029 προσδεδανεῖσθαι

227 4065 286 4130 τοῖς
317 4056 404 4134 ξένοις
436 4057 578 4135 ἄλλοθεν,
602 4060 698 4134 ἐπειδή
722 4059 814 4136 ἥδιστ’
839 4059 875 4125 θον
897 4060 1047 4140 ἀνθρώπων
1070 4058 1157 4138 ἄνειν
1178 4086 1213 4126 τε
1235 4063 1316 4133 εὐθὺς

230 4172 317 4235 ἐκεῖνο
340 4170 373 4235 πθ
397 4171 546 4250 σύμβολον
570 4172 619 4237 καὶ
643 4173 825 4254 χαρίσασθαι
851 4176 919 4251 ήμῖν
942 4171 964 4237 ἃ
986 4172 1133 4251 ἐδεόμεθα.

276 4283 373 4348 Miror
397 4284 528 4350 editores
552 4286 635 4351 hunc
657 4286 760 4350 locum
775 4295 953 4371 corruptum
970 4287 1093 4352 silentio
1111 4286 1317 4372 praeteriisse,

233 4399 366 4484 exceptis
398 4398 540 4464 Bekkerc
568 4407 598 4464 et
622 4400 784 4479 Dobsono,
817 4401 872 4484 qui
894 4402 992 4465 secuti
1015 4408 1214 4466 correctorem
1237 4400 1318 4464 codi-

1180 4517 1198 4575 6
