3364 5502
612 572 725 616 oaurro
748 571 839 615 xvru.
1226 554 1267 614 39

186 774 274 821 τωνσς
298 746 352 815 σῖθν
375 730 464 826 τεῆν
488 750 636 828 δημεύειν,
659 748 757 821 νῖτινες
780 749 882 814 κιθντκ
904 750 945 814 τὺ
968 747 1271 830 Ἑριθτωνσςνὶιτσγριθ·

185 871 290 945 Φιντες
313 865 489 944 σθτέγρκφσν
514 865 564 928 aa}
587 861 608 928 ὑ
633 865 690 939 ε’γὺ
712 863 804 927 τολὺν
827 862 877 938 ἤδη
901 863 1000 941 χρόνον
1016 862 1171 940 κε’κτημκι.
1197 860 1270 924 Cae·

186 984 319 1040 terorum
352 978 560 1053 coniecturae,
594 998 687 1059 quum
719 977 779 1038 iam
811 975 848 1040 ab
879 975 1059 1039 Editoribus
1090 975 1123 1038 in
1151 983 1269 1038 textum
1359 1044 1360 1048 ς

187 1088 335 1154 admissae
367 1091 445 1168 sint,
466 1089 740 1155 'commendatione
770 1111 832 1152 non
863 1097 962 1173 egent.
1009 1087 1101 1168 Quod
1127 1088 1164 1152 ad
1188 1109 1270 1152 meas

188 1203 298 1266 attinet
329 1205 543 1288 unusquisque
577 1203 675 1280 videt,
701 1225 791 1287 quam
815 1203 848 1266 in
872 1202 1001 1286 proclivi
1024 1202 1118 1265 fuerit
1141 1201 1271 1266 librariis

185 1315 411 1398 ἀπογράφοντες
436 1307 575 1380 omittere
600 1326 670 1380 ante
693 1315 885 1397 ὑπέγρκφσνς
910 1316 984 1386 τινές
1004 1323 1107 1379 autem
1130 1315 1272 1379 de'mcre

186 1429 262 1493 abiit
286 1430 317 1492 in
342 1432 410 1507 τήν,
436 1453 496 1513 quo
519 1431 599 1494 facto
623 1427 653 1494 σῖ
670 1429 752 1492 ultro
776 1429 844 1491 loco
868 1429 966 1492 cessit.

244 1880 398 1946 Oaar10
422 1881 545 1946 XVIII.
592 1882 677 1960 Περὶ
702 1882 904 1958 δημεύσεως
928 1888 993 1946 τῶν
1016 1887 1077 1946 τοῦ
1100 1881 1225 1946 Νικθσν

546 1995 711 2077 ἀδελφοῦ
735 1995 919 2071 εἰτθνισγνς.

237 2198 254 2279 ξ
280 2199 333 2258 lu·
376 2195 414 2258 In
442 2195 545 2260 codice
568 2196 709 2260 Palatino
734 2205 797 2260 est:
822 2195 902 2272 ἄξιον
924 2197 953 2259 δὲ
975 2197 1112 2272 μιθλιστκ
1134 2197 1275 2276 φθννῆσωι

196 2304 250 2370 ὑτι
271 2306 358 2378 οὑτως
389 2308 439 2383 ἤδη
470 2311 494 2371 σῖ
525 2309 565 2372 τὰ
595 2317 647 2381 της
673 2309 782 2380 νισίιεως
807 2309 984 2386 τρνέττσντες
1008 2308 1184 2384 θιιθκειντκι,
1207 2308 1276 2378 ὥστ’

194 2422 252 2498 οὑχ
282 2416 299 2482 ὑ
325 2445 353 2484 τι
376 2419 412 2483 dcv
434 2430 471 2498 τη
495 2420 577 2484 πόλει
600 2420 755 2498 βέλτιστον
778 2419 812 2501 ἦ,
838 2425 921 2484 τοῦτο
944 2422 968 2484 σῖ
992 2421 1102 2500 ῥήτορες
1126 2420 1277 2495 λέγννσιν,

191 2534 262 2595 ἀλλ’
279 2532 337 2612 ὑφ’
356 2529 391 2596 ὑν
409 2532 444 2597 ὑιν
462 2535 542 2596 edroi
561 2534 711 2613 κερδαίνειν
730 2534 878 2608 μέλλωσι,
898 2539 998 2598 τκὺτω
1010 2534 1092 2611 ὑμεῖς
1104 2532 1276 2613 ψηφίζεσθε.

236 2645 364 2729 Egregie
397 2647 520 2729 quidem
552 2645 687 2710 Oobetus
719 2647 757 2710 de
791 2648 848 2710 hoc
880 2646 946 2710 loco
978 2623 1105 2710 meritus
1130 2654 1176 2710 est
1198 2647 1277 2709 inse·

192 2758 287 2822 rende
319 2761 369 2823 κκί
400 2767 474 2823 ante
496 2767 596 2825 τιιῖιτκ
622 2761 704 2837 ὑμεῖς
727 2749 907 2840 ψηφίζεσθε,
932 2767 963 2823 at
986 2783 1048 2824 non
1071 2760 1277 2844 persanavisse

190 2872 291 2935 locum
328 2873 402 2936 mihi
438 2873 572 2937 videtur:
599 2896 669 2937 narn
695 2882 848 2957 praeterea
871 2874 1109 2958 expungendum
1135 2874 1274 2938 existimo

162 2977 164 2981 ¹
190 2985 351 3048 molestum
383 2985 461 3049 illud
487 2988 511 3048 οἱ
535 2988 663 3066 ῥήτορες,
689 3009 750 3070 quo
773 2986 875 3050 nescio
899 2987 968 3069 quis
993 2986 1173 3070 explicavit,
1199 2985 1273 3070 quid

193 3080 376 3180 significaret
400 3098 424 3161 οἱ
447 3097 488 3160 cd
510 3106 562 3171 τῆς
587 3099 698 3168 πόλεως
722 3098 910 3177 τριθττσντες.

234 3211 251 3293 d
278 3213 326 3272 18.
373 3210 429 3273 Κνὺ
449 3211 532 3274 τκὺθ’
553 3212 635 3286 ὑμεῖς
656 3212 764 3287 ἔγνωτε
782 3212 881 3276 νεωστὶ
896 3211 1103 3294 κατελθόντες,
1117 3215 1197 3291 ὀρθῶς
1209 3213 1279 3290 βου·

190 3322 355 3398 λενθμενσι·
388 3321 429 3388 ἔτι
459 3325 519 3402 γὺρ
543 3323 703 3402 ἐμέμνησθε
725 3329 781 3387 τῶν
806 3323 1006 3400 γεγενημένων
1032 3331 1203 3404 συμφορῶν,
1228 3326 1277 3390 aui

191 3443 250 3506 τοῖς
281 3437 351 3507 θεοῖς
382 3438 421 3508 εῖς
453 3436 582 3512 ὑμθνσιιιν
604 3437 731 3516 ηὔχεσθε
755 3436 892 3519 (ηὔχεσθε
914 3438 954 3509 εἷς
976 3434 1106 3515 ὑμθνοιων
1129 3461 1191 3502 non
1216 3461 1279 3502 mo·

194 3549 259 3611 nito
290 3548 403 3612 lectore
434 3547 581 3632 Cobetua)
611 3557 795 3624 κκτκστῆνκι
823 3551 875 3624 την
906 3550 990 3613 κθλιν
1021 3555 1155 3633 μᾶλλον,
1188 3551 1279 3626 θτην

192 3661 245 3738 μὲν
269 3662 353 3726 τθλιν
376 3662 553 3737 στκτινθσκι,
577 3664 642 3756 τσὺς
666 3664 695 3727 δὲ
717 3664 860 3739 λε’γσντιις
883 3664 1002 3744 ταχέως
1026 3672 1200 3738 κλιντῆσκι.

237 3773 309 3837 Nou
335 3797 492 3858 concoquo
516 3777 662 3839 iteratum
685 3778 736 3849 την
761 3775 862 3854 τθλιν,
886 3775 968 3860 quod
993 3798 1088 3860 quum
1112 3786 1182 3840 ante
1204 3800 1279 3841 στιν-

189 3887 290 3951 σιιθσκι
315 3889 488 3971 requiratur
512 3897 635 3972 propter
658 3889 836 3973 oppositum
859 3890 925 3960 τσὺς
948 3891 1110 3968 λέγοντκς,
1135 3889 1277 3974 equidem

190 3998 351 4062 deleverim
375 4008 444 4063 aute
468 4005 602 4077 μᾶλλσνς
631 4001 751 4065 addidit
773 4002 875 4066 nescio
900 4003 987 4086 quis,
1013 4011 1049 4066 ut
1065 4001 1181 4066 scilicet
1194 4002 1278 4096 labo«-

190 4111 272 4174 ranti
302 4113 471 4176 sententiae
505 4121 712 4191 succurreret,
748 4115 798 4178 cui
832 4114 951 4178 deesset
986 4114 1178 4193 subiectum,
1201 4138 1278 4191 yrron

193 4225 273 4288 enim
297 4225 452 4308 cogitabat
475 4224 512 4289 de
536 4205 738 4304 nominativo,
763 4249 854 4310 quem
878 4227 1002 4305 dicunt,
1029 4249 1100 4292 cum
1115 4228 1278 4294 infinitivo.

670 4431 804 4445 uua·-
