3364 5502
645 579 759 622 onorio
783 579 881 624 xxvii.
1264 561 1302 624 st

221 759 353 842 positum
385 764 456 820 autc
486 757 554 834 ὑμῖν
577 757 604 820 ei
627 757 763 842 potuisse
787 757 942 834 excidere,
968 779 1064 841 quum
1089 756 1219 820 arctiore
1242 757 1306 820 vin-

221 872 291 936 culo
322 871 397 936 haec
427 893 497 935 cum
530 871 783 955 praecedentibus
814 870 1029 954 coniungenda
1053 877 1163 933 essent.
1211 869 1307 933 Resti-

221 983 388 1062 tuendum,
423 985 456 1047 ni
490 984 596 1063 fallor,
620 985 704 1069 quod
728 985 777 1048 vix
800 985 892 1049 semel
920 985 1073 1068 integrum
1098 1006 1114 1048 e
1138 983 1305 1048 scribarum

222 1099 362 1163 manibus
394 1099 507 1176 evasit,
539 1097 645 1176 δκοώ,
671 1098 752 1182 quod
777 1106 807 1163 et
832 1098 904 1163 alibi
928 1099 1058 1182 reperies
1082 1106 1112 1162 et
1136 1098 1167 1161 in
1189 1099 1309 1184 ‚Aristo-

222 1212 331 1296 phanis
355 1211 472 1275 Eccles.
499 1235 542 1276 vs.
568 1215 643 1276 238.
691 1211 959 1298 Quemadmodum
984 1219 1086 1274 autem
1109 1211 1140 1276 h.
1162 1211 1182 1274 t.
1203 1210 1309 1295 Lysias

222 1326 415 1390 librariorum
448 1325 635 1411 negligentia
666 1326 807 1390 vocabuli
837 1325 983 1390 damnum
1015 1347 1122 1410 passus
1146 1347 1210 1389 esse
1234 1325 1310 1388 mihi

223 1439 360 1516 videtur,
394 1439 437 1536 sic
468 1461 538 1503 eum
562 1440 593 1503 in
618 1439 818 1524 sequentibus
842 1439 1008 1503 eorundem
1031 1439 1240 1502 munificentia
1262 1438 1315 1502 tri-

224 1553 279 1616 bus
311 1551 468 1616 vocabulis
501 1560 627 1616 auctum
662 1575 727 1616 esse
758 1554 916 1630 existimo,
941 1574 1049 1636 nempe
1074 1557 1131 1616 τών
1152 1549 1314 1633 χρνμώτων

223 1665 290 1748 nat,
315 1674 369 1729 aut
392 1667 443 1730 κοώ
467 1673 524 1730 τών
548 1667 655 1749 δώρων,
682 1689 753 1730 nam
776 1668 817 1732 τώ
840 1666 987 1746 χρήματα
1011 1674 1041 1728 et
1063 1666 1104 1730 rat
1127 1665 1200 1745 δώροο
1225 1665 1314 1750 plane

224 1779 304 1842 idem
337 1779 530 1864 significant,
562 1786 593 1842 et
625 1779 738 1844 dubius
769 1780 896 1856 haereo,
929 1786 1034 1842 utrum
1066 1778 1176 1842 horum
1200 1778 1315 1842 Danais

224 1892 286 1956 illis
320 1892 400 1956 dona
418 1892 595 1958 ¹ferentibus
619 1892 809 1956 reddendum
833 1893 890 1956 sit:
917 1914 1102 1976 quamquam
1128 1915 1163 1955 eo
1187 1891 1315 1955 inclinat

225 2006 362 2084 animus,
395 2013 431 2071 ut
461 2005 581 2070 credam
613 2011 669 2070 τών
698 2004 860 2086 χρημάτων
892 2028 958 2069 esse
984 2004 1094 2090 Lysiae
1117 2028 1261 2083 manum,
1287 2012 1317 2068 et

225 2121 328 2184 nescio
360 2142 451 2204 quem
482 2120 531 2186 κοώ
561 2125 617 2184 τών
647 2119 737 2200 δώρων
765 2119 1034 2205 exsuperioribus
1057 2126 1112 2184 τών
1135 2119 1223 2200 δώρων
1246 2120 1316 2198 rap!-

226 2235 314 2308 θνροοον
346 2233 482 2297 hausisse
513 2242 544 2298 et
575 2232 788 2317 adscripsisse,
821 2255 859 2297 ne
891 2233 986 2297 lector
1019 2232 1108 2295 aliam
1135 2255 1199 2296 rem
1224 2255 1315 2316 agens

227 2345 400 2424 dubitaret,
434 2346 509 2430 quin
535 2348 577 2412 rot
599 2347 747 2427 χρήματα
771 2346 802 2408 h.
827 2345 848 2409 l.
872 2345 954 2409 idem
979 2352 1076 2423 esset,
1102 2345 1185 2430 quod
1209 2344 1315 2430 Lysias

227 2481 319 2543 supra
342 2459 416 2539 δώροο
440 2458 577 2523 dixisset.

271 2575 288 2658 p
313 2575 342 2637 6.
388 2578 452 2639 Νῦν
482 2572 590 2649 τοίνυν,
622 2569 643 2636 ώ
666 2572 763 2653 ἄνδρες
788 2572 942 2653 decuerat,
967 2572 1160 2654 τωρώδενγμον
1183 2575 1317 2649 πονήσετε
1386 2591 1392 2606 ·

226 2694 286 2760 τοῖς
309 2685 410 2758 ἄλλως
432 2686 547 2759 δνκνοίονς
570 2682 659 2763 aiace,
684 2686 767 2766 τωροὶ
790 2685 898 2750 τούτων
920 2685 997 2761 δίκην
1019 2686 1194 2762 λαβόντες(

271 2799 363 2864 Unde
401 2808 504 2864 orator
542 2801 618 2864 scire
654 2807 773 2884 poterat
808 2799 926 2864 iudices
961 2800 1217 2870 condemnaturos
1252 2822 1317 2864 esse

227 2913 401 2999 Epicratem
434 2915 562 2999 eiusque
595 2912 736 2978 sodales?
771 2913 809 2978 In
839 2913 898 2978 fine
923 2921 1004 2977 certe
1027 2921 1149 2976 nostrae
1172 2914 1317 2977 orationis

224 3050 287 3092 non
311 3027 416 3091 eadem
439 3027 554 3092 fidncia
577 3035 642 3105 est,
667 3026 722 3091 ubi
748 3027 791 3090 sic
816 3035 956 3111 perorat:
982 3032 1029 3091 νῦν
1049 3028 1159 3105 τοίνυν,
1180 3022 1201 3090 ώ
1220 3025 1318 3107 ἄνδρες

226 3141 364 3206 >tranat
372 3191 382 3219 ,
406 3139 693 3223 κωτοοψνφνσώμενον
718 3140 911 3220 Ἕτνκρώτονς
927 3145 983 3204 τῶν
998 3137 1137 3219 ἕτχώτων
1150 3141 1317 3217 recitantes,

228 3276 304 3318 usus
338 3255 519 3338 imperativo
530 3303 539 3332 ,
576 3275 667 3338 quem
702 3259 809 3317 nostro
844 3274 969 3338 quoque
1003 3253 1071 3317 loco
1106 3252 1316 3338 reponendum
1370 3295 1383 3312 1

231 3389 350 3434 censeo.
396 3366 543 3430 Rescribe
569 3389 641 3451 ergo
664 3367 817 3441 τονώοοοτε.

275 3481 367 3566 §IL
414 3479 453 3544 In
488 3480 629 3545 Palatino
664 3479 770 3544 codice
793 3486 854 3542 est:
894 3479 995 3544 Κοώτοι
1023 3478 1124 3560 ἑτέρως
1151 3480 1220 3555 ὑμῖν
1243 3479 1320 3544 ἔστιν

233 3591 282 3658 ὅτε
304 3595 346 3659 τὰ
368 3595 493 3674 τωτρῷοο
514 3594 697 3672 κεκτημένοις
721 3598 821 3657 τοῦτον
843 3597 968 3656 ’τοιοῦτον
990 3593 1153 3675 ἐφθονεῖτε·
1177 3599 1224 3657 νῦν
1240 3591 1263 3657 δ’
1279 3589 1322 3657 at-

231 3730 287 3778 τως
312 3709 328 3781 ἡ
352 3704 437 3776 adare
459 3706 619 3790 διώκεντοον,
643 3705 718 3771 ώττε
738 3705 799 3770 κτὲ.

277 3819 337 3882 Pro
360 3826 505 3904 corrupto
530 3820 596 3896 ὑμῖν
619 3841 724 3882 omnes
749 3824 899 3902 quantum
924 3817 986 3880 scio
1011 3816 1143 3880 editores
1162 3819 1320 3903 corrigunt

232 3933 336 4012 ὑμεῖςν
369 3954 473 3997 vereor
503 3940 540 3996 ut
571 3941 669 3996 recte:
702 3932 780 3996 nihil
809 3938 854 3995 est
878 3930 958 3994 enim
982 3952 1038 3994 cur
1059 3952 1226 4014 pronomen
1250 3954 1320 3996 cum

232 4047 370 4132 emphasi
394 4045 537 4112 addatur.
584 4045 636 4110 Me
660 4045 762 4110 iudice
786 4045 819 4109 iu
843 4045 913 4122 ὑμῖν
934 4043 1011 4128 latet
1033 4044 1107 4127 μέν,
1130 4045 1213 4129 quod
1230 4068 1318 4129 aegre

232 4160 264 4223 in
288 4161 344 4223 hac
369 4157 538 4224 sententiae
562 4167 647 4243 parte
672 4158 822 4223 desidero.

708 4419 848 4435 -Μ
