3364 5502
611 667 613 672 Ι
702 601 816 645 oleario
838 601 889 644 XV.

325 891 474 956 Ousrlo
498 891 567 954 XV.
613 893 717 957 Κοιτοὶ
740 893 983 970 Ἀλκιβιάδου,
1004 894 1242 973 ἀστρατείας.

287 1121 356 1202 bd.
403 1121 444 1183 Τι’
465 1120 489 1182 δ’
512 1118 549 1184 διν
577 1118 693 1197 αἴσχιον
716 1121 775 1189 ἔθος
802 1120 819 1194 ή
843 1121 992 1197 δεινότερον
1016 1123 1146 1202 ccciccc
1167 1120 1268 1184 τούτου
1290 1128 1328 1198 τή

244 1232 327 1295 πόλει
357 1233 481 1310 γένοιτο,
513 1233 537 1296 εἰ
568 1233 709 1306 τολμήσει
740 1234 754 1293 d
781 1233 834 1305 μὲν
858 1234 956 1312 ἄρχων
981 1233 1082 1308 ἐμβὰς
1103 1233 1161 1317 (sic
1183 1233 1246 1295 Pal.
1272 1253 1326 1315 pro

243 1342 335 1426 Vulg.
372 1347 400 1408 ἐν
433 1349 513 1424 τοιῖσ)
546 1352 600 1408 τῶν
631 1347 788 1423 ἐπικλήρων
816 1347 907 1417 δι’κοιις
931 1347 1096 1421 ἀντιβολεῖν
1119 1345 1168 1410 axi
1192 1347 1328 1409 ἱκετεύειν

238 1455 304 1526 τοὺς
335 1457 477 1526 δικοιστοδς
509 1456 526 1521 d
555 1481 582 1520 τι
611 1457 647 1521 δον
670 1458 813 1538 βούλήτοιι
837 1459 1023 1537 τροιχήήνοοι,
1049 1459 1061 1522 ὂ
1086 1460 1114 1522 δὲ
1137 1458 1326 1537 τολέμοιρχος

240 1568 289 1631 nal
320 1570 344 1632 ol
374 1566 474 1632 ἕνδεκοι
504 1570 651 1666 δεήσονται
681 1572 710 1633 ἐν
741 1578 808 1641 τοιῖς
832 1571 923 1642 δίκοιις
950 1578 1016 1641 τοιῖς
1041 1571 1093 1652 ὑφ’
1116 1571 1225 1634 ἕιιντῶν
1248 1571 1326 1633 εἰσοι-

241 1682 395 1756 γομένοιις,
421 1679 514 1759 ὥσπερ
539 1668 587 1746 udi
611 1688 675 1757 νῦν;

285 1791 443 1857 Vocabula
465 1798 493 1858 ἕν
515 1802 596 1873 τοῖς,
622 1817 700 1879 quae
724 1796 890 1859 necessario
914 1796 1065 1858 sententia
1080 1796 1223 1877 requirit,
1242 1818 1324 1870 uon,

238 1915 273 1968 ut
303 1905 462 1978 Reiskius,
488 1929 576 1990 quem
601 1928 703 1971 omues
731 1918 916 1990 sequuntur,
943 1908 1114 1982 existimat,
1140 1907 1322 1990 expiscauda

238 2020 314 2084 mibi
332 2020 472 2085 videntur
488 2043 523 2084 ex
540 2031 675 2086 monstro
693 2021 808 2098 ἕμβήσ,
829 2023 859 2084 iu
877 2022 959 2105 quod
978 2023 1026 2084 vix
1039 2022 1122 2084 abire
1135 2030 1320 2104 potueruut,

238 2133 291 2196 sed
320 2135 422 2217 potius
447 2135 645 2198 statuendum
671 2135 759 2198 verba
782 2137 810 2200 ἐν
833 2143 900 2204 τοῖς
925 2137 1013 2218 plane
1038 2137 1148 2198 omissa
1172 2135 1265 2198 fuisse
1289 2137 1321 2198 in

238 2246 358 2323 codice,
384 2255 415 2310 et
438 2248 495 2311 sub
520 2248 618 2323 ἐμβάς
642 2248 735 2311 latere
758 2247 894 2324 οὶνοιβοὶς,
920 2257 955 2310 ut
980 2247 1085 2330 Lysias
1102 2249 1272 2330 scripserit:
1298 2249 1321 2312 el

236 2361 376 2434 τολμήσει
406 2359 419 2420 ὂ
449 2361 502 2435 μὲν
533 2358 632 2438 ἄρχων
662 2360 781 2434 οὶνκβοδς
812 2362 840 2423 ἐν
871 2366 939 2429 τοιῖς
965 2365 1021 2422 τῶν
1045 2361 1202 2437 ἐπικλήρων
1226 2361 1316 2430 δίκοιις

152 2501 154 2506 ·
236 2470 417 2549 οὶντιιδολεῑν,
446 2471 553 2535 iisdem
587 2471 684 2535 verbis
717 2493 807 2548 usus,
840 2472 951 2554 quibus
983 2493 1075 2555 supra
1097 2474 1114 2556 d
1138 2477 1175 2548 δ,
1203 2473 1256 2535 ubi
1280 2473 1319 2536 ad

236 2593 389 2669 praetores
412 2585 456 2648 sic
478 2584 628 2667 loquitur:
654 2583 753 2666 σφόδρ’
773 2584 809 2650 διν
826 2588 1036 2661 ήγοινιικτεῖτε,
1054 2588 1077 2649 εἱ
1094 2588 1121 2648 ἐν
1138 2595 1175 2664 τῇ
1196 2585 1321 2667 ὑμετέρᾳ

236 2700 391 2782 δοκιμοισήμ
412 2702 436 2765 οἱ
456 2703 621 2778 θεσμοθέται
637 2701 805 2776 daedalei-ec
825 2701 902 2774 ὑμῶν
918 2701 1023 2764 ἐδέοντο
1037 2702 1318 2781 κκτοιψήφίσοισήοιι.

281 2815 298 2897 b
323 2815 353 2876 6.
400 2814 639 2892 Kaboura-tot,
674 2810 694 2876 ὦ
727 2814 824 2892 ἄνδρες
859 2814 1013 2893 δικοιστοιί,
1043 2814 1146 2883 σοιἰτοὺς
1176 2813 1231 2890 μὲν
1255 2814 1322 2884 τοὺς

237 2928 417 3005 στρατηγοὺς
442 2927 496 2989 ὑπὸ
518 2933 568 2990 τοῦ
592 2927 681 3002 δήμου
704 2926 950 3005 χειροτονήθέντοις
974 2928 1016 3003 μή
1040 2927 1076 2990 διν
1095 2935 1242 3002 τολμήσοιι
1255 2928 1321 3004 τρό-

237 3064 316 3118 τεοον
346 3042 425 3116 ήμῶν
457 3041 639 3114 ήγήσοισθοιι,
672 3035 723 3108 ἕως
756 3040 983 3114 ε’δοκιμοὶσήήσοιν
1006 3040 1087 3103 κκτοδ
1109 3040 1175 3109 τοὺς
1199 3039 1319 3116 νόμους,

237 3151 426 3228 Ἀλκιβιήδήν
449 3153 479 3215 δὲ
501 3157 616 3226 τολμῖιν
639 3154 720 3242 σορκ
743 3151 809 3222 τοὺς
832 3161 885 3225 τής
908 3151 1019 3222 πόλεως
1042 3150 1141 3228 νόμους
1158 3152 1206 3216 ὑπ’
1222 3154 1318 3215 αὐτῶν

235 3268 392 3346 τοιχδήνοιι.

279 3378 397 3442 Dubito
432 3401 471 3440 an
506 3378 616 3440 rationi
650 3385 888 3440 consentaneum
922 3376 962 3438 sit
984 3375 1099 3452 dicere,
1124 3377 1257 3459 aliquem
1281 3396 1317 3438 eo

236 3492 380 3556 audaciae
396 3492 581 3574 pervenisse,
601 3499 637 3553 ut
653 3491 689 3554 ab
706 3490 765 3553 alio
784 3489 916 3574 quodam
934 3489 992 3552 hoc
1012 3490 1056 3552 vel
1074 3489 1152 3553 illud
1165 3491 1318 3574 patiatur,

236 3605 318 3690 quod
342 3614 458 3681 tamen,
484 3615 518 3667 ut
540 3626 623 3668 nunc
647 3604 790 3687 vulgatur
806 3612 923 3680 textus,
940 3601 1067 3686 Lysias,
1085 3603 1131 3665 vel
1145 3604 1319 3684 quicunque

235 3718 357 3782 tandem
391 3719 467 3782 barre
490 3718 656 3780 orationem
681 3713 876 3801 conscripsit,
902 3716 1002 3780 dicere
1026 3716 1163 3792 videtur,
1189 3716 1318 3798 legimus

233 3834 329 3909 enim,
360 3831 552 3906 Ἀλκιβιήδήν
581 3835 696 3907 τολμῖιν
720 3833 801 3909 νεκροὶ
823 3832 888 3901 τοὺς
910 3831 1011 3907 νόμους
1035 3830 1090 3894 ὑπὸ
1113 3836 1169 3893 τῶν
1191 3853 1318 3908 στροιτκ-

234 3950 293 4020 νῶν
324 3947 481 4022 τοιχθήνοιι.
530 3944 687 4009 Praeterea
715 3946 826 4033 mirum
852 3943 979 4020 accidit,
1005 3942 1088 4027 quod
1112 3950 1213 4005 orator
1236 3965 1318 4006 nuuc

234 4057 337 4121 subit-0
361 4065 507 4122 memorat
530 4057 688 4121 audaciam
713 4057 899 4132 Alcibiadis,
930 4079 1027 4140 quum
1051 4057 1088 4121 ab
1112 4057 1202 4119 initio
1226 4057 1318 4119 buius

230 4171 444 4235 ‚oratiunculae
467 4195 567 4255 usque
590 4172 628 4235 ad
652 4174 668 4256 b
691 4177 709 4234 9
734 4194 796 4234 non
813 4179 875 4233 tam
891 4170 921 4233 iu
941 4170 1128 4233 Alcibiadem
1147 4170 1318 4246 invehatur,

234 4306 327 4367 quam
357 4285 389 4348 in
422 4295 592 4368 praetores,
625 4307 701 4368 quos
729 4285 789 4362 ait,
820 4306 889 4346 cum
913 4284 973 4367 ipsi
995 4282 1101 4347 iudicii
1125 4283 1187 4346 sint
1210 4283 1321 4367 praesi-

233 4396 301 4474 des,
326 4409 432 4461 coutra
454 4399 504 4461 ius
527 4408 557 4463 et
581 4419 694 4462 morem
711 4398 861 4461 maiorum
878 4418 929 4460 rec
945 4396 1088 4459 omnibus
1104 4394 1201 4458 modis
1218 4395 1316 4459 favere
