<?xml version="1.0" encoding="UTF-8"?>
<!DOCTYPE html PUBLIC "-//W3C//DTD XHTML 1.0 Transitional//EN"
    "http://www.w3.org/TR/xhtml1/DTD/xhtml1-transitional.dtd">
<html xmlns="http://www.w3.org/1999/xhtml" xml:lang="en" lang="en">
 <head>
  <title>
</title>
<meta http-equiv="Content-Type" content="text/html;charset=utf-8" />
  <meta name='ocr-system' content='tesseract 3.04.00' />
  <meta name='ocr-capabilities' content='ocr_page ocr_carea ocr_par ocr_line ocrx_word'/>
</head>
<body>
  <div class='ocr_page' id='page_1' title='image "./lectioneslysica00halbgoog_0031.png"; bbox 0 0 3364 5502; ppageno 0'>
   <div class='ocr_carea' id='block_1_1' title="bbox 393 573 1025 636">
    <p class='ocr_par' dir='ltr' id='par_1_1' title="bbox 393 573 1025 636">
     <span class='ocr_line' id='line_1_1' title="bbox 393 573 1025 636; baseline 0.006 -4"><span class='ocrx_word' id='word_1_1' title='bbox 393 573 434 632; x_wconf 78' lang='grc'><strong><em>16</em></strong></span> <span class='ocrx_word' id='word_1_2' title='bbox 845 589 961 634; x_wconf 65' lang='lat' dir='ltr'><strong>orario</strong></span> <span class='ocrx_word' id='word_1_3' title='bbox 983 591 1025 636; x_wconf 82' lang='lat' dir='ltr'><strong><em>vr.</em></strong></span> 
     </span>
    </p>
   </div>
   <div class='ocr_carea' id='block_1_2' title="bbox 387 763 1475 2882">
    <p class='ocr_par' dir='ltr' id='par_1_2' title="bbox 388 763 1475 1184">
     <span class='ocr_line' id='line_1_2' title="bbox 434 763 1474 849; baseline 0.001 -21"><span class='ocrx_word' id='word_1_4' title='bbox 434 766 451 849; x_wconf 62' lang='grc' dir='ltr'><strong><em>ἠ</em></strong></span> <span class='ocrx_word' id='word_1_5' title='bbox 473 767 516 828; x_wconf 78' lang='lat'><strong><em>44</em></strong></span> <span class='ocrx_word' id='word_1_6' title='bbox 539 767 593 848; x_wconf 72' lang='grc' dir='ltr'><strong><em>(ἠ).</em></strong></span> <span class='ocrx_word' id='word_1_7' title='bbox 639 765 696 831; x_wconf 79' lang='grc' dir='ltr'><strong><em>Κοιί</em></strong></span> <span class='ocrx_word' id='word_1_8' title='bbox 720 767 744 830; x_wconf 89' lang='grc' dir='ltr'><strong><em>οί</em></strong></span> <span class='ocrx_word' id='word_1_9' title='bbox 767 765 820 842; x_wconf 78' lang='grc' dir='ltr'><strong><em>μὲν</em></strong></span> <span class='ocrx_word' id='word_1_10' title='bbox 842 763 928 830; x_wconf 76' lang='grc' dir='ltr'><strong><em>ἄλλοι</em></strong></span> <span class='ocrx_word' id='word_1_11' title='bbox 950 767 1077 842; x_wconf 80' lang='grc' dir='ltr'><strong><em>μηνυτοιί</em></strong></span> <span class='ocrx_word' id='word_1_12' title='bbox 1092 805 1137 816; x_wconf 97' lang='grc'>-</span> <span class='ocrx_word' id='word_1_13' title='bbox 1152 765 1182 833; x_wconf 83' lang='grc' dir='ltr'><strong><em>ἓν</em></strong></span> <span class='ocrx_word' id='word_1_14' title='bbox 1197 774 1268 846; x_wconf 78' lang='grc' dir='ltr'><strong><em>γοῦν</em></strong></span> <span class='ocrx_word' id='word_1_15' title='bbox 1283 768 1474 845; x_wconf 80' lang='grc' dir='ltr'><strong><em>ἒπίττκντονι,</em></strong></span> 
     </span>
     <span class='ocr_line' id='line_1_3' title="bbox 390 878 1475 960; baseline 0 -18"><span class='ocrx_word' id='word_1_16' title='bbox 390 880 432 956; x_wconf 88' lang='grc' dir='ltr'><strong><em>μή</em></strong></span> <span class='ocrx_word' id='word_1_17' title='bbox 455 880 586 959; x_wconf 80' lang='grc' dir='ltr'><strong><em>ἐνοχλεῖν</em></strong></span> <span class='ocrx_word' id='word_1_18' title='bbox 609 885 667 949; x_wconf 80' lang='grc' dir='ltr'><strong><em>τοῖς</em></strong></span> <span class='ocrx_word' id='word_1_19' title='bbox 691 878 881 954; x_wconf 73' lang='grc' dir='ltr'><strong><em>ἠδικημένοις,</em></strong></span> <span class='ocrx_word' id='word_1_20' title='bbox 906 879 1058 957; x_wconf 85' lang='grc' dir='ltr'><strong><em>ἠγοιίμενοι</em></strong></span> <span class='ocrx_word' id='word_1_21' title='bbox 1080 881 1296 959; x_wconf 71' lang='grc' dir='ltr'><strong><em>ἀποδημοῦντες</em></strong></span> <span class='ocrx_word' id='word_1_22' title='bbox 1319 883 1373 958; x_wconf 83' lang='grc' dir='ltr'><strong><em>μὲν</em></strong></span> <span class='ocrx_word' id='word_1_23' title='bbox 1393 881 1475 960; x_wconf 62' lang='grc' dir='ltr'><strong><em>ιίίῷοη</em></strong></span> 
     </span>
     <span class='ocr_line' id='line_1_4' title="bbox 389 987 1475 1074; baseline 0.001 -18"><span class='ocrx_word' id='word_1_24' title='bbox 389 991 440 1056; x_wconf 83' lang='grc' dir='ltr'><strong><em>κοιί</em></strong></span> <span class='ocrx_word' id='word_1_25' title='bbox 470 991 596 1070; x_wconf 81' lang='grc' dir='ltr'><strong><em>ἐπίτιμοι</em></strong></span> <span class='ocrx_word' id='word_1_26' title='bbox 627 990 716 1067; x_wconf 73' lang='grc' dir='ltr'><strong><em>δόξειν</em></strong></span> <span class='ocrx_word' id='word_1_27' title='bbox 746 987 835 1073; x_wconf 81' lang='grc' dir='ltr'><strong><em>είνοοι,</em></strong></span> <span class='ocrx_word' id='word_1_28' title='bbox 867 991 1071 1068; x_wconf 81' lang='grc' dir='ltr'><strong><em>ἐπιδημοῦντες</em></strong></span> <span class='ocrx_word' id='word_1_29' title='bbox 1098 995 1127 1058; x_wconf 76' lang='grc' dir='ltr'><strong><em>δὲ</em></strong></span> <span class='ocrx_word' id='word_1_30' title='bbox 1149 996 1231 1074; x_wconf 75' lang='grc' dir='ltr'><strong><em>τυροὶ</em></strong></span> <span class='ocrx_word' id='word_1_31' title='bbox 1253 1001 1313 1067; x_wconf 82' lang='grc' dir='ltr'><strong><em>τοῖς</em></strong></span> <span class='ocrx_word' id='word_1_32' title='bbox 1336 995 1475 1063; x_wconf 80' lang='grc' dir='ltr'><strong><em>πολίτκις</em></strong></span> 
     </span>
     <span class='ocr_line' id='line_1_5' title="bbox 388 1100 1280 1184; baseline 0 -14"><span class='ocrx_word' id='word_1_33' title='bbox 388 1111 448 1176; x_wconf 81' lang='grc' dir='ltr'><strong><em>τοῖς</em></strong></span> <span class='ocrx_word' id='word_1_34' title='bbox 471 1105 644 1182; x_wconf 76' lang='grc' dir='ltr'><strong><em>ἠδικημένοις</em></strong></span> <span class='ocrx_word' id='word_1_35' title='bbox 666 1103 775 1184; x_wconf 83' lang='grc' dir='ltr'><strong><em>πονηροί</em></strong></span> <span class='ocrx_word' id='word_1_36' title='bbox 799 1100 929 1179; x_wconf 79' lang='grc' dir='ltr'><strong><em>δόξειν</em></strong></span> <span class='ocrx_word' id='word_1_37' title='bbox 952 1104 1001 1168; x_wconf 84' lang='grc' dir='ltr'><strong><em>κυνί</em></strong></span> <span class='ocrx_word' id='word_1_38' title='bbox 1024 1106 1146 1184; x_wconf 69' lang='grc' dir='ltr'><strong><em>ἀσεβεῖς</em></strong></span> <span class='ocrx_word' id='word_1_39' title='bbox 1169 1103 1280 1172; x_wconf 79' lang='grc' dir='ltr'><strong><em>εἷνιιι.</em></strong></span> 
     </span>
    </p>

    <p class='ocr_par' dir='ltr' id='par_1_3' title="bbox 389 1215 1474 1642">
     <span class='ocr_line' id='line_1_6' title="bbox 434 1215 1474 1301; baseline 0.001 -21"><span class='ocrx_word' id='word_1_40' title='bbox 434 1215 506 1280; x_wconf 89' lang='lat' dir='ltr'><strong><em>Non</em></strong></span> <span class='ocrx_word' id='word_1_41' title='bbox 539 1239 611 1280; x_wconf 82' lang='lat' dir='ltr'><strong>sene</strong></span> <span class='ocrx_word' id='word_1_42' title='bbox 642 1215 797 1301; x_wconf 80' lang='lat' dir='ltr'>eleganter</span> <span class='ocrx_word' id='word_1_43' title='bbox 827 1216 985 1281; x_wconf 82' lang='lat' dir='ltr'><strong>adduntur</strong></span> <span class='ocrx_word' id='word_1_44' title='bbox 1016 1218 1107 1282; x_wconf 80' lang='lat' dir='ltr'><strong>verba</strong></span> <span class='ocrx_word' id='word_1_45' title='bbox 1136 1220 1218 1298; x_wconf 75' lang='grc' dir='ltr'><strong><em>πικροὶ</em></strong></span> <span class='ocrx_word' id='word_1_46' title='bbox 1248 1227 1323 1290; x_wconf 79' lang='grc' dir='ltr'><strong><em>τοῖς.</em></strong></span> <span class='ocrx_word' id='word_1_47' title='bbox 1340 1220 1474 1288; x_wconf 84' lang='grc' dir='ltr'><strong><em>πονιίτωις</em></strong></span> 
     </span>
     <span class='ocr_line' id='line_1_7' title="bbox 389 1328 1474 1415; baseline -0.003 -20"><span class='ocrx_word' id='word_1_48' title='bbox 389 1337 451 1402; x_wconf 84' lang='grc' dir='ltr'><strong><em>τοῖς</em></strong></span> <span class='ocrx_word' id='word_1_49' title='bbox 474 1328 664 1412; x_wconf 74' lang='grc' dir='ltr'><strong><em>ἠδικημένοις,</em></strong></span> <span class='ocrx_word' id='word_1_50' title='bbox 689 1351 751 1393; x_wconf 90' lang='lat' dir='ltr'><strong><em>non</em></strong></span> <span class='ocrx_word' id='word_1_51' title='bbox 775 1341 877 1394; x_wconf 82' lang='lat' dir='ltr'><strong>tamen</strong></span> <span class='ocrx_word' id='word_1_52' title='bbox 900 1330 970 1394; x_wconf 89' lang='lat' dir='ltr'><strong>ideo</strong></span> <span class='ocrx_word' id='word_1_53' title='bbox 994 1353 1030 1395; x_wconf 84' lang='lat' dir='ltr'><strong><em>ex</em></strong></span> <span class='ocrx_word' id='word_1_54' title='bbox 1053 1333 1110 1396; x_wconf 77' lang='lat' dir='ltr'><strong><em>hoo</em></strong></span> <span class='ocrx_word' id='word_1_55' title='bbox 1130 1331 1253 1415; x_wconf 88' lang='lat' dir='ltr'><strong>quidem</strong></span> <span class='ocrx_word' id='word_1_56' title='bbox 1270 1332 1406 1396; x_wconf 77' lang='lat' dir='ltr'><strong>oratione</strong></span> <span class='ocrx_word' id='word_1_57' title='bbox 1423 1329 1474 1394; x_wconf 91' lang='lat' dir='ltr'><strong>eli·</strong></span> 
     </span>
     <span class='ocr_line' id='line_1_8' title="bbox 389 1440 1474 1529; baseline -0.001 -23"><span class='ocrx_word' id='word_1_58' title='bbox 389 1443 535 1507; x_wconf 76' lang='lat' dir='ltr'><strong>minanda</strong></span> <span class='ocrx_word' id='word_1_59' title='bbox 549 1442 690 1506; x_wconf 78' lang='lat' dir='ltr'><strong>arbitror.</strong></span> <span class='ocrx_word' id='word_1_60' title='bbox 720 1441 834 1506; x_wconf 78' lang='lat' dir='ltr'><strong>Contra</strong></span> <span class='ocrx_word' id='word_1_61' title='bbox 850 1463 928 1525; x_wconf 81' lang='lat' dir='ltr'><strong>quae</strong></span> <span class='ocrx_word' id='word_1_62' title='bbox 944 1444 1049 1507; x_wconf 84' lang='lat' dir='ltr'><strong>statim</strong></span> <span class='ocrx_word' id='word_1_63' title='bbox 1065 1453 1237 1529; x_wconf 83' lang='lat' dir='ltr'><strong>sequuntur</strong></span> <span class='ocrx_word' id='word_1_64' title='bbox 1252 1442 1341 1520; x_wconf 80' lang='grc' dir='ltr'><strong><em>δόξειν</em></strong></span> <span class='ocrx_word' id='word_1_65' title='bbox 1357 1452 1388 1508; x_wconf 89' lang='lat' dir='ltr'><strong><em>et</em></strong></span> <span class='ocrx_word' id='word_1_66' title='bbox 1403 1440 1474 1508; x_wconf 83' lang='grc' dir='ltr'><strong><em>είνοιι</em></strong></span> 
     </span>
     <span class='ocr_line' id='line_1_9' title="bbox 390 1547 1472 1642; baseline 0 -24"><span class='ocrx_word' id='word_1_67' title='bbox 390 1557 480 1619; x_wconf 83' lang='lat' dir='ltr'><strong>etiam</strong></span> <span class='ocrx_word' id='word_1_68' title='bbox 506 1577 559 1632; x_wconf 88' lang='lat' dir='ltr'><strong><em>eo,</em></strong></span> <span class='ocrx_word' id='word_1_69' title='bbox 584 1555 638 1639; x_wconf 89' lang='lat' dir='ltr'><strong><em>qui</em></strong></span> <span class='ocrx_word' id='word_1_70' title='bbox 662 1555 740 1618; x_wconf 82' lang='lat' dir='ltr'><strong>hano</strong></span> <span class='ocrx_word' id='word_1_71' title='bbox 763 1555 931 1619; x_wconf 80' lang='lat' dir='ltr'><strong>orationem</strong></span> <span class='ocrx_word' id='word_1_72' title='bbox 955 1547 1214 1632; x_wconf 76' lang='lat' dir='ltr'><strong>consoribillavit,</strong></span> <span class='ocrx_word' id='word_1_73' title='bbox 1239 1557 1367 1642; x_wconf 81' lang='lat' dir='ltr'><strong>indigna</strong></span> <span class='ocrx_word' id='word_1_74' title='bbox 1390 1565 1472 1620; x_wconf 81' lang='lat' dir='ltr'><strong>eunt.</strong></span> 
     </span>
    </p>

    <p class='ocr_par' dir='ltr' id='par_1_4' title="bbox 388 1667 1472 2087">
     <span class='ocr_line' id='line_1_10' title="bbox 432 1667 1472 1753; baseline 0.002 -22"><span class='ocrx_word' id='word_1_75' title='bbox 432 1671 514 1752; x_wconf 66' lang='lat'><strong><em>§48</em></strong></span> <span class='ocrx_word' id='word_1_76' title='bbox 539 1669 596 1753; x_wconf 85' lang='lat'><strong>(†).</strong></span> <span class='ocrx_word' id='word_1_77' title='bbox 642 1667 680 1731; x_wconf 91' lang='lat' dir='ltr'><strong><em>In</em></strong></span> <span class='ocrx_word' id='word_1_78' title='bbox 703 1667 844 1731; x_wconf 80' lang='lat' dir='ltr'><strong>Palatino</strong></span> <span class='ocrx_word' id='word_1_79' title='bbox 868 1676 931 1732; x_wconf 87' lang='lat' dir='ltr'><strong>eet:</strong></span> <span class='ocrx_word' id='word_1_80' title='bbox 960 1669 1059 1734; x_wconf 75' lang='grc' dir='ltr'><strong><em>Ἀνιλίι</em></strong></span> <span class='ocrx_word' id='word_1_81' title='bbox 1081 1677 1212 1734; x_wconf 81' lang='grc' dir='ltr'><strong><em>πλουτῶν</em></strong></span> <span class='ocrx_word' id='word_1_82' title='bbox 1235 1672 1294 1751; x_wconf 78' lang='grc' dir='ltr'><strong><em>γίιρ</em></strong></span> <span class='ocrx_word' id='word_1_83' title='bbox 1318 1669 1367 1735; x_wconf 81' lang='grc' dir='ltr'><strong><em>κωί</em></strong></span> <span class='ocrx_word' id='word_1_84' title='bbox 1390 1669 1472 1734; x_wconf 81' lang='grc' dir='ltr'><strong><em>δυνοί-</em></strong></span> 
     </span>
     <span class='ocr_line' id='line_1_11' title="bbox 388 1780 1471 1864; baseline 0.001 -20"><span class='ocrx_word' id='word_1_85' title='bbox 388 1805 472 1859; x_wconf 82' lang='grc' dir='ltr'><strong><em>μενος</em></strong></span> <span class='ocrx_word' id='word_1_86' title='bbox 496 1789 554 1852; x_wconf 82' lang='grc' dir='ltr'><strong><em>τοῖς</em></strong></span> <span class='ocrx_word' id='word_1_87' title='bbox 575 1782 710 1861; x_wconf 82' lang='grc' dir='ltr'><strong><em>χρήμοοπι</em></strong></span> <span class='ocrx_word' id='word_1_88' title='bbox 734 1781 784 1844; x_wconf 79' lang='grc' dir='ltr'><strong><em>κοιί</em></strong></span> <span class='ocrx_word' id='word_1_89' title='bbox 807 1781 978 1858; x_wconf 72' lang='grc' dir='ltr'><strong><em>βασιλεῦσιν</em></strong></span> <span class='ocrx_word' id='word_1_90' title='bbox 1002 1780 1169 1860; x_wconf 75' lang='grc' dir='ltr'><strong><em>ἕξενιίμενος</em></strong></span> <span class='ocrx_word' id='word_1_91' title='bbox 1193 1783 1241 1848; x_wconf 76' lang='lat' dir='ltr'><strong><em>xxi</em></strong></span> <span class='ocrx_word' id='word_1_92' title='bbox 1265 1784 1425 1864; x_wconf 72' lang='grc' dir='ltr'><strong><em>τνροίννοιςς</em></strong></span> <span class='ocrx_word' id='word_1_93' title='bbox 1449 1780 1471 1845; x_wconf 77' lang='grc' dir='ltr'><strong><em>ἃ</em></strong></span> 
     </span>
     <span class='ocr_line' id='line_1_12' title="bbox 388 1893 1472 1977; baseline -0.001 -18"><span class='ocrx_word' id='word_1_94' title='bbox 388 1895 445 1959; x_wconf 85' lang='grc' dir='ltr'><strong><em>νυνί</em></strong></span> <span class='ocrx_word' id='word_1_95' title='bbox 467 1893 613 1971; x_wconf 83' lang='grc' dir='ltr'><strong><em>κομποίοει</em></strong></span> <span class='ocrx_word' id='word_1_96' title='bbox 637 1894 829 1970; x_wconf 78' lang='grc' dir='ltr'><strong><em>ἕπιττιίμενος</em></strong></span> <span class='ocrx_word' id='word_1_97' title='bbox 852 1895 918 1966; x_wconf 85' lang='grc' dir='ltr'><strong><em>τοὺς</em></strong></span> <span class='ocrx_word' id='word_1_98' title='bbox 942 1894 1092 1973; x_wconf 79' lang='grc' dir='ltr'><strong><em>ὑμετέρους</em></strong></span> <span class='ocrx_word' id='word_1_99' title='bbox 1115 1895 1250 1977; x_wconf 82' lang='grc' dir='ltr'><strong><em>τρίπους.</em></strong></span> <span class='ocrx_word' id='word_1_100' title='bbox 1275 1897 1359 1962; x_wconf 91' lang='grc' dir='ltr'><strong><em>ποίοιν</em></strong></span> <span class='ocrx_word' id='word_1_101' title='bbox 1374 1897 1472 1976; x_wconf 79' lang='grc' dir='ltr'><strong><em>είπφο-</em></strong></span> 
     </span>
     <span class='ocr_line' id='line_1_13' title="bbox 388 2007 839 2087; baseline 0 -15"><span class='ocrx_word' id='word_1_102' title='bbox 388 2009 440 2087; x_wconf 77' lang='grc' dir='ltr'><strong><em>μὶν</em></strong></span> <span class='ocrx_word' id='word_1_103' title='bbox 461 2009 553 2086; x_wconf 79' lang='grc' dir='ltr'><strong><em>τούτῳ</em></strong></span> <span class='ocrx_word' id='word_1_104' title='bbox 574 2007 686 2083; x_wconf 80' lang='grc' dir='ltr'><strong><em>οὶγιιίδν</em></strong></span> <span class='ocrx_word' id='word_1_105' title='bbox 708 2007 839 2084; x_wconf 90' lang='grc' dir='ltr'><strong><em>γίνοιντο.</em></strong></span> 
     </span>
    </p>

    <p class='ocr_par' dir='ltr' id='par_1_5' title="bbox 387 2119 1472 2882">
     <span class='ocr_line' id='line_1_14' title="bbox 432 2119 1470 2204; baseline 0 -20"><span class='ocrx_word' id='word_1_106' title='bbox 432 2120 580 2184; x_wconf 88' lang='lat' dir='ltr'><strong>Nondum</strong></span> <span class='ocrx_word' id='word_1_107' title='bbox 603 2121 738 2204; x_wconf 83' lang='lat' dir='ltr'><strong>poenitet</strong></span> <span class='ocrx_word' id='word_1_108' title='bbox 766 2119 957 2184; x_wconf 80' lang='lat' dir='ltr'><strong>oonieoturae</strong></span> <span class='ocrx_word' id='word_1_109' title='bbox 984 2119 1120 2204; x_wconf 82' lang='lat' dir='ltr'><strong>prolatae</strong></span> <span class='ocrx_word' id='word_1_110' title='bbox 1149 2142 1228 2183; x_wconf 81' lang='lat' dir='ltr'><strong>enno</strong></span> <span class='ocrx_word' id='word_1_111' title='bbox 1253 2123 1357 2198; x_wconf 77' lang='lat'><strong>1862,</strong></span> <span class='ocrx_word' id='word_1_112' title='bbox 1375 2142 1470 2204; x_wconf 88' lang='lat' dir='ltr'>quum</span> 
     </span>
     <span class='ocr_line' id='line_1_15' title="bbox 389 2233 1469 2318; baseline 0.001 -22"><span class='ocrx_word' id='word_1_113' title='bbox 389 2255 540 2297; x_wconf 81' lang='lat' dir='ltr'><strong>censerem</strong></span> <span class='ocrx_word' id='word_1_114' title='bbox 572 2233 647 2298; x_wconf 82' lang='lat' dir='ltr'><strong>haee</strong></span> <span class='ocrx_word' id='word_1_115' title='bbox 677 2233 721 2297; x_wconf 82' lang='lat' dir='ltr'><strong><em>eie</em></strong></span> <span class='ocrx_word' id='word_1_116' title='bbox 751 2233 814 2296; x_wconf 85' lang='lat' dir='ltr'><strong>fere</strong></span> <span class='ocrx_word' id='word_1_117' title='bbox 849 2233 1095 2317; x_wconf 81' lang='lat' dir='ltr'><strong>interpungenda</strong></span> <span class='ocrx_word' id='word_1_118' title='bbox 1133 2240 1163 2296; x_wconf 90' lang='lat' dir='ltr'><strong><em>et</em></strong></span> <span class='ocrx_word' id='word_1_119' title='bbox 1201 2233 1350 2318; x_wconf 80' lang='lat' dir='ltr'><strong>explenda</strong></span> <span class='ocrx_word' id='word_1_120' title='bbox 1387 2256 1469 2298; x_wconf 85' lang='lat' dir='ltr'><strong>esse:</strong></span> 
     </span>
     <span class='ocr_line' id='line_1_16' title="bbox 388 2344 1472 2427; baseline 0 -16"><span class='ocrx_word' id='word_1_121' title='bbox 388 2346 472 2411; x_wconf 71' lang='grc' dir='ltr'><strong><em>ἀλλὰ</em></strong></span> <span class='ocrx_word' id='word_1_122' title='bbox 495 2351 626 2410; x_wconf 78' lang='grc' dir='ltr'><strong><em>πλουτῶν</em></strong></span> <span class='ocrx_word' id='word_1_123' title='bbox 649 2346 708 2425; x_wconf 78' lang='grc' dir='ltr'><strong><em>γίηο</em></strong></span> <span class='ocrx_word' id='word_1_124' title='bbox 734 2345 783 2410; x_wconf 81' lang='grc' dir='ltr'><strong><em>κοιί</em></strong></span> <span class='ocrx_word' id='word_1_125' title='bbox 807 2344 961 2424; x_wconf 68' lang='grc' dir='ltr'><strong><em>δυνάμενος</em></strong></span> <span class='ocrx_word' id='word_1_126' title='bbox 984 2353 1043 2419; x_wconf 81' lang='grc' dir='ltr'><strong><em>τοῖς</em></strong></span> <span class='ocrx_word' id='word_1_127' title='bbox 1066 2347 1201 2427; x_wconf 78' lang='grc' dir='ltr'><strong><em>χρήμοιπι</em></strong></span> <span class='ocrx_word' id='word_1_128' title='bbox 1224 2348 1273 2411; x_wconf 76' lang='lat' dir='ltr'><strong><em>nai</em></strong></span> <span class='ocrx_word' id='word_1_129' title='bbox 1297 2348 1472 2426; x_wconf 79' lang='grc' dir='ltr'><strong><em>βωπιλεῦοιν</em></strong></span> 
     </span>
     <span class='ocr_line' id='line_1_17' title="bbox 390 2457 1472 2539; baseline -0.001 -14"><span class='ocrx_word' id='word_1_130' title='bbox 390 2460 558 2538; x_wconf 77' lang='grc' dir='ltr'><strong><em>ἐξενωμένος</em></strong></span> <span class='ocrx_word' id='word_1_131' title='bbox 586 2459 635 2524; x_wconf 84' lang='grc' dir='ltr'><strong><em>κοιί</em></strong></span> <span class='ocrx_word' id='word_1_132' title='bbox 666 2458 809 2539; x_wconf 70' lang='grc' dir='ltr'><strong><em>τυράννοις</em></strong></span> <span class='ocrx_word' id='word_1_133' title='bbox 832 2497 875 2509; x_wconf 93' lang='grc'><strong>-</strong></span> <span class='ocrx_word' id='word_1_134' title='bbox 898 2457 919 2524; x_wconf 75' lang='grc' dir='ltr'><em>ἃ</em></span> <span class='ocrx_word' id='word_1_135' title='bbox 943 2459 999 2523; x_wconf 80' lang='grc' dir='ltr'><strong><em>ν’ωνί</em></strong></span> <span class='ocrx_word' id='word_1_136' title='bbox 1023 2459 1168 2538; x_wconf 82' lang='grc' dir='ltr'><strong><em>κομποίτει</em></strong></span> <span class='ocrx_word' id='word_1_137' title='bbox 1191 2462 1383 2537; x_wconf 81' lang='grc' dir='ltr'><strong><em>ε’πιπτοίμενος</em></strong></span> <span class='ocrx_word' id='word_1_138' title='bbox 1405 2462 1472 2532; x_wconf 86' lang='grc' dir='ltr'><strong><em>τοὺς</em></strong></span> 
     </span>
     <span class='ocr_line' id='line_1_18' title="bbox 389 2571 1472 2658; baseline 0.001 -21"><span class='ocrx_word' id='word_1_139' title='bbox 389 2573 539 2652; x_wconf 78' lang='grc' dir='ltr'><strong><em>ὑμετέρους</em></strong></span> <span class='ocrx_word' id='word_1_140' title='bbox 566 2573 685 2654; x_wconf 82' lang='grc' dir='ltr'><strong><em>τρίπους</em></strong></span> <span class='ocrx_word' id='word_1_141' title='bbox 711 2610 757 2620; x_wconf 95' lang='grc'>-</span> <span class='ocrx_word' id='word_1_142' title='bbox 779 2572 864 2636; x_wconf 87' lang='grc' dir='ltr'><strong><em>ποίοιν</em></strong></span> <span class='ocrx_word' id='word_1_143' title='bbox 882 2572 1017 2653; x_wconf 74' lang='grc' dir='ltr'><strong><em>εἰσφορὰν</em></strong></span> <span class='ocrx_word' id='word_1_144' title='bbox 1043 2574 1219 2654; x_wconf 87' lang='grc' dir='ltr'><strong><em>(είτήνεγκεν</em></strong></span> <span class='ocrx_word' id='word_1_145' title='bbox 1241 2575 1302 2638; x_wconf 65' lang='grc' dir='ltr'><strong><em>ἄνθ’</em></strong></span> <span class='ocrx_word' id='word_1_146' title='bbox 1326 2571 1369 2658; x_wconf 85' lang='grc' dir='ltr'><strong><em>ἠς)</em></strong></span> <span class='ocrx_word' id='word_1_147' title='bbox 1392 2575 1472 2654; x_wconf 68' lang='grc' dir='ltr'><strong><em>αὐτῷ</em></strong></span> 
     </span>
     <span class='ocr_line' id='line_1_19' title="bbox 387 2682 1471 2768; baseline 0 -18"><span class='ocrx_word' id='word_1_148' title='bbox 387 2686 497 2763; x_wconf 82' lang='grc' dir='ltr'><strong><em>οίγκίίν</em></strong></span> <span class='ocrx_word' id='word_1_149' title='bbox 523 2709 551 2750; x_wconf 93' lang='grc' dir='ltr'><strong><em>τι</em></strong></span> <span class='ocrx_word' id='word_1_150' title='bbox 574 2685 704 2761; x_wconf 76' lang='grc' dir='ltr'><strong><em>γίνοιπος</em></strong></span> <span class='ocrx_word' id='word_1_151' title='bbox 727 2685 787 2748; x_wconf 87' lang='lat' dir='ltr'><strong>nisi</strong></span> <span class='ocrx_word' id='word_1_152' title='bbox 810 2682 893 2766; x_wconf 87' lang='lat' dir='ltr'><strong>quod</strong></span> <span class='ocrx_word' id='word_1_153' title='bbox 913 2706 996 2748; x_wconf 86' lang='lat' dir='ltr'><strong>nune</strong></span> <span class='ocrx_word' id='word_1_154' title='bbox 1012 2706 1067 2768; x_wconf 89' lang='lat' dir='ltr'><strong><em>pro</em></strong></span> <span class='ocrx_word' id='word_1_155' title='bbox 1083 2687 1163 2765; x_wconf 69' lang='grc' dir='ltr'><strong><em>αὐτῷ</em></strong></span> <span class='ocrx_word' id='word_1_156' title='bbox 1179 2685 1292 2748; x_wconf 80' lang='lat' dir='ltr'><strong>codicis</strong></span> <span class='ocrx_word' id='word_1_157' title='bbox 1308 2685 1471 2768; x_wconf 83' lang='lat' dir='ltr'><strong>leetionem</strong></span> 
     </span>
     <span class='ocr_line' id='line_1_20' title="bbox 388 2795 1066 2882; baseline -0.004 -19"><span class='ocrx_word' id='word_1_158' title='bbox 388 2799 479 2878; x_wconf 78' lang='grc' dir='ltr'><strong><em>τούτῳ</em></strong></span> <span class='ocrx_word' id='word_1_159' title='bbox 502 2797 574 2862; x_wconf 89' lang='lat' dir='ltr'><strong>ferri</strong></span> <span class='ocrx_word' id='word_1_160' title='bbox 598 2820 685 2882; x_wconf 84' lang='lat' dir='ltr'><strong>posse</strong></span> <span class='ocrx_word' id='word_1_161' title='bbox 708 2796 899 2861; x_wconf 79' lang='lat' dir='ltr'><strong>Franckenio</strong></span> <span class='ocrx_word' id='word_1_162' title='bbox 923 2795 1066 2861; x_wconf 80' lang='lat' dir='ltr'><strong>concedo.</strong></span> 
     </span>
    </p>
   </div>
   <div class='ocr_carea' id='block_1_3' title="bbox 631 3249 1233 3332">
    <p class='ocr_par' dir='ltr' id='par_1_6' title="bbox 631 3249 1233 3332">
     <span class='ocr_line' id='line_1_21' title="bbox 631 3249 1233 3332; baseline 0.003 -20"><span class='ocrx_word' id='word_1_163' title='bbox 631 3249 783 3313; x_wconf 73' lang='lat' dir='ltr'><strong>Onnrro</strong></span> <span class='ocrx_word' id='word_1_164' title='bbox 806 3249 880 3315; x_wconf 83' lang='lat' dir='ltr'>VII.</span> <span class='ocrx_word' id='word_1_165' title='bbox 927 3250 1012 3332; x_wconf 75' lang='grc' dir='ltr'><strong><em>Περὶ</em></strong></span> <span class='ocrx_word' id='word_1_166' title='bbox 1035 3255 1096 3315; x_wconf 79' lang='grc' dir='ltr'><strong><em>τοῦ</em></strong></span> <span class='ocrx_word' id='word_1_167' title='bbox 1115 3250 1233 3325; x_wconf 83' lang='grc' dir='ltr'><strong><em>οήκου.</em></strong></span> 
     </span>
    </p>
   </div>
   <div class='ocr_carea' id='block_1_4' title="bbox 344 3474 1472 4235">
    <p class='ocr_par' dir='ltr' id='par_1_7' title="bbox 344 3474 1472 3779">
     <span class='ocr_line' id='line_1_22' title="bbox 432 3474 1472 3561; baseline -0.002 -19"><span class='ocrx_word' id='word_1_168' title='bbox 432 3479 449 3561; x_wconf 59' lang='grc' dir='ltr'>ᾧ</span> <span class='ocrx_word' id='word_1_169' title='bbox 473 3480 489 3542; x_wconf 88' lang='grc'><strong>7</strong></span> <span class='ocrx_word' id='word_1_170' title='bbox 516 3479 569 3558; x_wconf 71' lang='grc' dir='ltr'><strong><em>(ἠ).</em></strong></span> <span class='ocrx_word' id='word_1_171' title='bbox 615 3476 664 3539; x_wconf 81' lang='grc' dir='ltr'><strong><em>κοοί</em></strong></span> <span class='ocrx_word' id='word_1_172' title='bbox 688 3485 743 3542; x_wconf 79' lang='grc' dir='ltr'><strong><em>τῶν</em></strong></span> <span class='ocrx_word' id='word_1_173' title='bbox 766 3479 861 3542; x_wconf 80' lang='grc' dir='ltr'><strong><em>κύτῶν</em></strong></span> <span class='ocrx_word' id='word_1_174' title='bbox 883 3476 932 3540; x_wconf 82' lang='grc' dir='ltr'><strong><em>κιοί</em></strong></span> <span class='ocrx_word' id='word_1_175' title='bbox 956 3478 985 3540; x_wconf 84' lang='grc' dir='ltr'><strong><em>ἕν</em></strong></span> <span class='ocrx_word' id='word_1_176' title='bbox 1007 3484 1045 3556; x_wconf 83' lang='grc' dir='ltr'><strong><em>τή</em></strong></span> <span class='ocrx_word' id='word_1_177' title='bbox 1069 3477 1158 3555; x_wconf 78' lang='grc' dir='ltr'><strong><em>είρήνη</em></strong></span> <span class='ocrx_word' id='word_1_178' title='bbox 1180 3476 1230 3539; x_wconf 70' lang='lat' dir='ltr'><strong><em>nat</em></strong></span> <span class='ocrx_word' id='word_1_179' title='bbox 1254 3477 1282 3539; x_wconf 83' lang='grc' dir='ltr'><strong><em>ἐν</em></strong></span> <span class='ocrx_word' id='word_1_180' title='bbox 1297 3478 1337 3556; x_wconf 80' lang='grc' dir='ltr'><strong><em>τῷ</em></strong></span> <span class='ocrx_word' id='word_1_181' title='bbox 1354 3474 1472 3555; x_wconf 79' lang='grc' dir='ltr'><strong><em>πολέμῳ</em></strong></span> 
     </span>
     <span class='ocr_line' id='line_1_23' title="bbox 344 3587 1472 3669; baseline -0.001 -15"><span class='ocrx_word' id='word_1_182' title='bbox 344 3647 348 3654; x_wconf 94' lang='grc'>.</span> <span class='ocrx_word' id='word_1_183' title='bbox 385 3590 564 3667; x_wconf 80' lang='grc' dir='ltr'><strong><em>κεκτημένων</em></strong></span> <span class='ocrx_word' id='word_1_184' title='bbox 597 3591 648 3654; x_wconf 85' lang='grc' dir='ltr'><strong><em>οὐκ</em></strong></span> <span class='ocrx_word' id='word_1_185' title='bbox 678 3588 794 3665; x_wconf 67' lang='grc' dir='ltr'><strong><em>ἠξιοῦτε</em></strong></span> <span class='ocrx_word' id='word_1_186' title='bbox 826 3591 893 3667; x_wconf 69' lang='lat' dir='ltr'><strong><em>rap*</em></strong></span> <span class='ocrx_word' id='word_1_187' title='bbox 925 3591 1019 3654; x_wconf 81' lang='grc' dir='ltr'><strong><em>κὺτῶν</em></strong></span> <span class='ocrx_word' id='word_1_188' title='bbox 1052 3587 1190 3668; x_wconf 77' lang='grc' dir='ltr'><strong><em>ἑτέρων</em></strong></span> <span class='ocrx_word' id='word_1_189' title='bbox 1221 3589 1472 3669; x_wconf 68' lang='grc' dir='ltr'><strong><em>ἐκκοψάντων</em></strong></span> 
     </span>
     <span class='ocr_line' id='line_1_24' title="bbox 386 3700 663 3779; baseline 0 -13"><span class='ocrx_word' id='word_1_190' title='bbox 386 3701 463 3777; x_wconf 89' lang='grc' dir='ltr'><strong><em>δίκην</em></strong></span> <span class='ocrx_word' id='word_1_191' title='bbox 485 3700 663 3779; x_wconf 80' lang='grc' dir='ltr'><strong><em>λοιμβοίνειν.</em></strong></span> 
     </span>
    </p>

    <p class='ocr_par' dir='ltr' id='par_1_8' title="bbox 390 3813 1471 4013">
     <span class='ocr_line' id='line_1_25' title="bbox 435 3813 1471 3899; baseline 0.002 -21"><span class='ocrx_word' id='word_1_192' title='bbox 435 3815 518 3879; x_wconf 89' lang='lat' dir='ltr'>Illud</span> <span class='ocrx_word' id='word_1_193' title='bbox 542 3816 640 3896; x_wconf 77' lang='grc' dir='ltr'><strong><em>ἑτέρων</em></strong></span> <span class='ocrx_word' id='word_1_194' title='bbox 661 3814 864 3895; x_wconf 66' lang='grc' dir='ltr'><strong><em>ἐκκοψάντων,</em></strong></span> <span class='ocrx_word' id='word_1_195' title='bbox 889 3814 972 3898; x_wconf 90' lang='lat' dir='ltr'><strong>quod</strong></span> <span class='ocrx_word' id='word_1_196' title='bbox 1000 3815 1043 3878; x_wconf 85' lang='lat' dir='ltr'><strong><em>sie</em></strong></span> <span class='ocrx_word' id='word_1_197' title='bbox 1067 3816 1200 3899; x_wconf 85' lang='lat' dir='ltr'><strong>positum</strong></span> <span class='ocrx_word' id='word_1_198' title='bbox 1225 3813 1330 3879; x_wconf 82' lang='lat' dir='ltr'><strong>turbat</strong></span> <span class='ocrx_word' id='word_1_199' title='bbox 1353 3823 1471 3880; x_wconf 88' lang='lat' dir='ltr'><strong>senten·</strong></span> 
     </span>
     <span class='ocr_line' id='line_1_26' title="bbox 390 3928 1253 4013; baseline -0.002 -21"><span class='ocrx_word' id='word_1_200' title='bbox 390 3930 482 4007; x_wconf 81' lang='lat' dir='ltr'><strong>tiam,</strong></span> <span class='ocrx_word' id='word_1_201' title='bbox 507 3951 543 3992; x_wconf 84' lang='lat' dir='ltr'><strong><em>ex</em></strong></span> <span class='ocrx_word' id='word_1_202' title='bbox 567 3929 765 3993; x_wconf 77' lang='lat' dir='ltr'><strong>annotatione</strong></span> <span class='ocrx_word' id='word_1_203' title='bbox 788 3928 949 4013; x_wconf 81' lang='lat' dir='ltr'><strong>marginali</strong></span> <span class='ocrx_word' id='word_1_204' title='bbox 973 3928 1143 4013; x_wconf 82' lang='lat' dir='ltr'><strong>profectum</strong></span> <span class='ocrx_word' id='word_1_205' title='bbox 1167 3932 1253 4012; x_wconf 85' lang='lat' dir='ltr'><strong>puto.</strong></span> 
     </span>
    </p>

    <p class='ocr_par' dir='ltr' id='par_1_9' title="bbox 391 4037 1471 4235">
     <span class='ocr_line' id='line_1_27' title="bbox 435 4037 1470 4127; baseline 0.001 -22"><span class='ocrx_word' id='word_1_206' title='bbox 435 4044 452 4126; x_wconf 61' lang='lat' dir='ltr'><strong>o</strong></span> <span class='ocrx_word' id='word_1_207' title='bbox 477 4045 517 4106; x_wconf 79' lang='lat'><strong><em>12</em></strong></span> <span class='ocrx_word' id='word_1_208' title='bbox 542 4042 595 4127; x_wconf 70' lang='grc' dir='ltr'><strong><em>(ἠ).</em></strong></span> <span class='ocrx_word' id='word_1_209' title='bbox 641 4042 720 4118; x_wconf 78' lang='grc' dir='ltr'><strong><em>Ἐγὼ</em></strong></span> <span class='ocrx_word' id='word_1_210' title='bbox 749 4043 857 4124; x_wconf 81' lang='grc' dir='ltr'><strong><em>τοίνυν,</em></strong></span> <span class='ocrx_word' id='word_1_211' title='bbox 888 4037 909 4105; x_wconf 77' lang='grc' dir='ltr'><strong><em>ὦ</em></strong></span> <span class='ocrx_word' id='word_1_212' title='bbox 938 4041 1049 4124; x_wconf 78' lang='grc' dir='ltr'><strong><em>βουλή,</em></strong></span> <span class='ocrx_word' id='word_1_213' title='bbox 1082 4044 1111 4106; x_wconf 83' lang='grc' dir='ltr'><strong><em>ἕν</em></strong></span> <span class='ocrx_word' id='word_1_214' title='bbox 1132 4042 1186 4118; x_wconf 77' lang='grc' dir='ltr'><strong><em>μὲν</em></strong></span> <span class='ocrx_word' id='word_1_215' title='bbox 1208 4043 1248 4122; x_wconf 76' lang='grc' dir='ltr'><strong><em>τῷ</em></strong></span> <span class='ocrx_word' id='word_1_216' title='bbox 1271 4042 1342 4114; x_wconf 78' lang='grc' dir='ltr'><strong><em>τέως</em></strong></span> <span class='ocrx_word' id='word_1_217' title='bbox 1364 4043 1470 4123; x_wconf 76' lang='grc' dir='ltr'><strong><em>χρόνῳ,</em></strong></span> 
     </span>
     <span class='ocr_line' id='line_1_28' title="bbox 391 4149 1471 4235; baseline -0.001 -16"><span class='ocrx_word' id='word_1_218' title='bbox 391 4152 448 4219; x_wconf 76' lang='grc' dir='ltr'><strong><em>ὅσον</em></strong></span> <span class='ocrx_word' id='word_1_219' title='bbox 478 4178 518 4230; x_wconf 91' lang='grc' dir='ltr'><strong><em>με</em></strong></span> <span class='ocrx_word' id='word_1_220' title='bbox 544 4153 684 4235; x_wconf 82' lang='grc' dir='ltr'><strong><em>Φιίοκοιεν</em></strong></span> <span class='ocrx_word' id='word_1_221' title='bbox 706 4153 791 4218; x_wconf 77' lang='grc' dir='ltr'><strong><em>δεινὸν</em></strong></span> <span class='ocrx_word' id='word_1_222' title='bbox 814 4149 884 4218; x_wconf 82' lang='grc' dir='ltr'><strong><em>είνκι</em></strong></span> <span class='ocrx_word' id='word_1_223' title='bbox 907 4153 958 4218; x_wconf 82' lang='grc' dir='ltr'><strong><em>κοιί</em></strong></span> <span class='ocrx_word' id='word_1_224' title='bbox 980 4154 1088 4234; x_wconf 79' lang='grc' dir='ltr'><strong><em>οὶκμβή</em></strong></span> <span class='ocrx_word' id='word_1_225' title='bbox 1110 4151 1160 4217; x_wconf 81' lang='grc' dir='ltr'><strong><em>κκί</em></strong></span> <span class='ocrx_word' id='word_1_226' title='bbox 1184 4153 1260 4218; x_wconf 78' lang='grc' dir='ltr'><strong><em>οὐδὲν</em></strong></span> <span class='ocrx_word' id='word_1_227' title='bbox 1281 4153 1317 4218; x_wconf 73' lang='grc' dir='ltr'><strong><em>ἂν</em></strong></span> <span class='ocrx_word' id='word_1_228' title='bbox 1338 4155 1399 4235; x_wconf 77' lang='grc' dir='ltr'><strong><em>είκή</em></strong></span> <span class='ocrx_word' id='word_1_229' title='bbox 1421 4155 1471 4220; x_wconf 79' lang='grc' dir='ltr'><strong><em>κοιί</em></strong></span> 
     </span>
    </p>
   </div>
   <div class='ocr_carea' id='block_1_5' title="bbox 391 4265 1472 4460">
    <p class='ocr_par' dir='ltr' id='par_1_10' title="bbox 391 4265 1472 4460">
     <span class='ocr_line' id='line_1_29' title="bbox 391 4265 1472 4346; baseline 0 -14"><span class='ocrx_word' id='word_1_230' title='bbox 391 4267 557 4344; x_wconf 75' lang='grc' dir='ltr'><strong><em>ιὶλογίπτως</em></strong></span> <span class='ocrx_word' id='word_1_231' title='bbox 580 4275 714 4340; x_wconf 85' lang='grc' dir='ltr'><strong><em>ποιήποοι,</em></strong></span> <span class='ocrx_word' id='word_1_232' title='bbox 739 4266 921 4344; x_wconf 71' lang='grc' dir='ltr'><strong><em>ἠγανάκτουν</em></strong></span> <span class='ocrx_word' id='word_1_233' title='bbox 943 4265 998 4345; x_wconf 71' lang='grc' dir='ltr'><strong><em>ἄν,</em></strong></span> <span class='ocrx_word' id='word_1_234' title='bbox 1022 4267 1179 4345; x_wconf 85' lang='grc' dir='ltr'><strong><em>ἠγοιίμενος</em></strong></span> <span class='ocrx_word' id='word_1_235' title='bbox 1202 4271 1319 4344; x_wconf 74' lang='grc' dir='ltr'><strong><em>μᾶλλον</em></strong></span> <span class='ocrx_word' id='word_1_236' title='bbox 1334 4268 1472 4346; x_wconf 77' lang='grc' dir='ltr'><strong><em>λέγετίοιι</em></strong></span> 
     </span>
     <span class='ocr_line' id='line_1_30' title="bbox 393 4380 1140 4460; baseline -0.001 -16"><span class='ocrx_word' id='word_1_237' title='bbox 393 4381 409 4456; x_wconf 90' lang='grc' dir='ltr'><strong><em>ἠ</em></strong></span> <span class='ocrx_word' id='word_1_238' title='bbox 432 4380 467 4451; x_wconf 72' lang='grc' dir='ltr'><strong><em>ὥς</em></strong></span> <span class='ocrx_word' id='word_1_239' title='bbox 490 4403 538 4457; x_wconf 74' lang='grc' dir='ltr'><strong><em>μοι</em></strong></span> <span class='ocrx_word' id='word_1_240' title='bbox 559 4389 692 4460; x_wconf 82' lang='grc' dir='ltr'><strong><em>προπήκε.</em></strong></span> <span class='ocrx_word' id='word_1_241' title='bbox 1137 4401 1140 4406; x_wconf 93' lang='grc'><em>·</em></span> 
     </span>
    </p>
   </div>
   <div class='ocr_carea' id='block_1_6' title="bbox 0 0 1686 5502">
    <p class='ocr_par' dir='ltr' id='par_1_11' title="bbox 0 0 1686 5502">
     <span class='ocr_line' id='line_1_31' title="bbox 0 0 1686 5502; baseline 0 1"><span class='ocrx_word' id='word_1_242' title='bbox 0 0 1686 5502; x_wconf 95' lang='lat' dir='ltr'><strong><em> </em></strong></span> 
     </span>
    </p>
   </div>
  </div>
 </body>
</html>
