3364 5502
379 567 421 626 24
813 584 927 627 onemo
950 585 1020 630 xui.

376 763 527 840 ὑμέτεραι,
553 785 612 825 non
637 763 743 836 credo,
770 786 954 847 quemquam
979 766 1181 849 probaturum
1204 789 1268 831 esse
1293 790 1362 846 eor,
1387 770 1458 854 qni,

376 876 465 940 verba
497 875 707 940 emendatione
744 899 831 960 egere
863 877 1020 955 arbitrati,
1053 869 1237 944 coniecerint
1265 890 1317 944 aut
1344 883 1399 968 [ἐν]
1423 893 1461 964 τῇ

375 988 476 1065 πόλει,
505 997 560 1051 aut
585 990 641 1073 [ε’ν]
667 999 718 1064 της
742 990 868 1066 πόλεως,
894 1002 928 1054 ut
952 992 1106 1056 indicetur
1125 994 1213 1057 cuius
1232 995 1294 1057 sint
1309 996 1351 1059 τόι
1366 994 1461 1074 τρόγ·

374 1124 471 1177 ματα.
519 1100 582 1180 Qui
615 1102 704 1165 verba
735 1105 763 1166 ἐν
792 1113 830 1184 τῇ
861 1104 943 1168 τόλει
977 1105 1145 1169 defendunt
1168 1107 1396 1190 interpretando
1418 1108 1459 1172 τόν

374 1215 544 1293 τρόγματα
575 1214 613 1278 de
643 1215 775 1278 factione
808 1217 1017 1300 popularium,
1050 1241 1111 1283 uon
1143 1220 1292 1302 cogitasse
1315 1220 1458 1283 videntur

325 1372 328 1377 -
373 1327 465 1393 huius
497 1329 577 1392 vocis
610 1329 841 1413 explicationem
875 1332 963 1395 unice
988 1331 1119 1415 pendere
1143 1355 1159 1396 a
1184 1340 1328 1397 contextu
1354 1334 1458 1397 verbo·

372 1464 457 1518 rum,
490 1444 521 1504 in
546 1449 611 1505 tota
634 1450 736 1506 autem
759 1445 775 1526 ᾧ
802 1447 819 1506 5
844 1465 905 1506 non
931 1445 978 1528 agi
1003 1445 1039 1508 de
1063 1452 1145 1508 statu
1171 1443 1332 1537 interiore,
1357 1454 1393 1510 ut
1415 1447 1457 1509 ita

372 1554 485 1631 dicam,
520 1555 705 1638 reipublicae
737 1557 990 1634 Atheniensium,
1022 1557 1059 1620 de
1091 1580 1152 1642 quo
1184 1581 1281 1623 sermo
1313 1567 1358 1622 est
1386 1559 1416 1621 in
1441 1561 1458 1643 b

371 1669 529 1752 sequenti,
565 1669 618 1731 sed
649 1667 686 1731 de
718 1669 909 1733 Athenarum
944 1671 1039 1733 alasse
1064 1672 1172 1734 amissa
1195 1680 1226 1735 et
1249 1672 1358 1755 opibus
1382 1672 1457 1734 adeo

370 1783 490 1858 fractis,
524 1789 560 1846 ut
584 1783 643 1845 iam
668 1782 705 1846 de
730 1805 803 1866 pace
827 1782 965 1846 facienda
988 1805 1058 1847 cum
1081 1783 1331 1848 Lacedaemoniis
1356 1806 1457 1868 agere·

370 1904 437 1957 tur:
472 1896 512 1958 τόι
542 1894 712 1975 τρθγματα
743 1895 840 1979 igitur
870 1897 901 1960 h.
927 1896 946 1960 l.
979 1896 1025 1960 nil
1047 1905 1176 1980 possunt
1204 1897 1372 1981 significare
1395 1897 1456 1960 nisi

370 2030 437 2090 ορατ
461 2009 522 2072 sive
539 2011 710 2090 potentiam.

412 2125 428 2206 A
453 2125 492 2184 13
519 2123 572 2205 (τ).
613 2117 707 2192 Ἦλθε
730 2122 788 2202 γόιρ
812 2123 904 2204 φέρων
916 2125 1021 2201 σι’ρθνην
1034 2124 1183 2198 τοιαύτην,
1200 2120 1260 2186 οἵαν
1277 2125 1360 2198 ἡμεῖς
1378 2123 1451 2200 ἔργῳ

369 2237 509 2314 μαθόντες
533 2235 675 2312 ἔγνωμεν·
700 2237 824 2308 πολλοὺς
849 2237 908 2314 γόιρ
930 2241 986 2300 τῶν
1008 2242 1132 2300 πολιτῶν
1154 2235 1203 2302 καὶ
1223 2237 1352 2311 ἀγαθοὺς
1372 2238 1453 2300 νότοι-

369 2352 501 2426 λὲσαμεν
523 2349 572 2414 καὶ
595 2349 677 2414 αὐτοὶ
701 2350 755 2414 ότὸ
778 2355 833 2414 τῶν
856 2349 1010 2429 τριόκοντα
1033 2348 1220 2425 ἐξηλάθημεν.
1237 2343 1303 2413 Ἦν
1316 2349 1452 2426 γόιροέντὶ

368 2466 421 2542 μὲν
450 2471 501 2529 τοῦ
532 2467 579 2529 ε’τὶ
611 2465 681 2529 δέκα
710 2466 817 2529 στάδια
847 2470 903 2529 τῶν
933 2470 1049 2545 μακρῶν
1079 2469 1185 2544 τειχῶν
1209 2464 1309 2528 διελεῖν
1333 2461 1390 2529 όλα
1412 2464 1452 2527 τόι

366 2580 468 2659 μακρόι
490 2580 578 2659 τεόχη
601 2579 816 2658 κατασκάψαι,
842 2579 903 2644 κτὲ.

411 2691 471 2755 Pro
494 2689 526 2768 ἦν
549 2714 660 2777 repone
683 2693 761 2769 ἕνην,
787 2692 868 2776 quod
893 2712 948 2754 our
971 2699 1149 2774 corruptum
1172 2691 1211 2753 sit
1229 2691 1259 2753 in
1276 2691 1379 2774 aprico
1395 2696 1450 2753 est.

411 2809 428 2891 b
454 2809 491 2869 19
525 2809 576 2889 (†).
622 2805 824 2869 Theramenes
856 2827 881 2869 c.
906 2828 931 2868 s.
963 2805 1115 2882 ἐβούλοντο
1145 2801 1191 2868 οὖν
1221 2805 1332 2877 ἄκοντα
1363 2803 1452 2867 δοκεῖν

366 2920 454 2985 αὐτόν
482 2920 516 2992 (i.
542 2942 567 2982 e.
593 2920 773 3002 Agoratum)
801 2919 850 2982 καὶ
878 2921 920 2995 μη
948 2915 1049 2982 ἕκοντα
1077 2917 1206 2996 μηνύειν,
1232 2915 1308 2988 ότως
1331 2916 1451 2980 τιστό-

364 3058 450 3113 τερα
475 3034 541 3112 ὑμῖν
566 3033 814 3114 ὑποφαίνοιτο.

411 3147 569 3210 Ambobus
593 3146 734 3210 manibus
754 3146 868 3230 arripio
888 3144 1016 3228 Kayseri
1036 3145 1242 3208 coniecturam
1262 3141 1349 3207 οὕτω
1369 3143 1451 3225 φαί-

364 3287 474 3339 νοιτο,
500 3284 560 3346 qua
583 3269 704 3344 recepta
727 3280 782 3344 pro
806 3258 962 3339 πιστότερα
986 3280 1052 3321 cum
1081 3256 1264 3320 Marklaudo
1281 3265 1311 3319 et
1328 3257 1450 3338 Augero

365 3374 614 3440 substituendum
648 3383 694 3437 est
725 3374 906 3450 πιστότερος,
939 3373 1049 3456 exigua
1076 3371 1123 3434 vel
1147 3370 1251 3454 potius
1275 3368 1362 3432 nulla
1384 3390 1450 3444 mu·

364 3490 497 3565 tatione,
523 3489 666 3571 quoniam
691 3487 723 3550 in
748 3486 1014 3550 terminationibus
1032 3484 1306 3568 comparativorum
1322 3483 1355 3545 iu
1370 3505 1448 3560 τερος

363 3602 449 3669 nulla
480 3602 604 3666 omniuo
636 3607 681 3664 est
712 3600 852 3663 codicum
884 3597 1058 3662 auctoritas.
1106 3595 1322 3660 Nominativus
1346 3603 1448 3658 autem

362 3717 524 3784 masculini
547 3715 665 3801 generis
688 3721 733 3777 est
755 3713 960 3789 necessarius,
986 3711 1067 3795 quod
1091 3710 1206 3794 alioqui
1229 3708 1359 3792 φαίνοιτο
1379 3708 1449 3772 sub·

361 3834 440 3897 iecto
464 3838 587 3895 careret.
628 3828 673 3891 De
697 3827 851 3889 locutione
876 3825 913 3888 of.
938 3823 1175 3907 Xenophontem
1199 3822 1231 3884 in
1245 3819 1313 3905 (lyr.
1331 3819 1391 3897 VI,
1414 3824 1444 3897 l,

363 3950 423 4010 43:
448 3941 494 4009 ἵνα
517 3944 654 4012 κάκείνοις
679 3940 843 4018 πιστότερος
867 3934 909 4019 ᾖς.

405 4060 486 4144 §23
513 4056 567 4140 (†).
614 4053 854 4133 Παραγενόμενος
880 4050 909 4112 δὲ
932 4049 1038 4118 Νικίας
1061 4047 1110 4110 καὶ
1134 4045 1294 4121 Νικομένης
1317 4045 1366 4109 καὶ
1392 4043 1448 4108 ἄλ·

359 4190 403 4241 λοι
426 4170 517 4245 τινὲς,
542 4170 655 4247 ὁρῶντες
679 4168 719 4230 τόι
742 4164 914 4243 πράγματα
936 4164 994 4241 οὐχ
1016 4156 1063 4225 οἷοι
1084 4159 1232 4237 βέλτιστα
1256 4159 1284 4222 ἐν
1305 4168 1343 4239 τῇ
1363 4157 1446 4223 πόλει

360 4287 442 4362 ὄντα,
474 4281 558 4360 όγειν
587 4280 640 4355 μὲν
669 4279 717 4343 τὸν
747 4277 907 4356 Ἀγόρατον
938 4278 990 4339 οὐκ
1013 4275 1130 4356 ἔφασαν
1155 4273 1343 4354 προήσεσθαι,
1368 4274 1446 4353 aitp-

359 4407 455 4484 ροῦντο
478 4397 507 4462 δὲ
529 4395 579 4461 καὶ
602 4397 753 4470 ἠγγυῶντο
776 4389 835 4454 καὶ
859 4388 1067 4466 ὡμολόγουν
1091 4383 1223 4466 παρέξειν
1246 4386 1287 4456 εἰς
1308 4385 1360 4458 την
1375 4385 1445 4461 βου-
