3364 5502
686 608 798 651 onr‘rro
823 607 878 652 rur.
1287 587 1325 646 21

239 783 282 850 ότι
306 787 319 850 ό
342 787 444 851 διώκων
466 790 503 859 ὡς
525 789 539 852 ό
562 785 682 866 Osdroe
705 787 811 866 ιἔκτεινε
834 785 1012 859 διωμόσνισο,
1035 783 1117 868 quod
1131 783 1323 847 accusativus

238 899 270 962 in
304 898 418 963 talibus
449 899 648 984 praecedere,
671 921 732 961 non
756 897 842 982 sequi
866 895 984 960 debeat.
1031 895 1111 958 Tum
1135 896 1209 958 haec
1234 893 1325 958 verba

238 1012 317 1075 male
341 1019 565 1076 connectuntur
589 1011 813 1095 superioribus,
840 1010 931 1073 scribi
948 1011 1028 1072 enirn
1045 1009 1222 1093 oportebat:
1240 1011 1326 1090 (άπι-

238 1125 372 1208 Φεύνειν)
395 1126 443 1190 τὸν
466 1124 594 1201 attam
616 1133 743 1200 κτεῖνον,
769 1124 926 1205 pattavia
948 1123 1114 1202 ἀνδροφόνον
1135 1119 1224 1196 εἶνοοι,
1238 1121 1286 1184 τὸν
1298 1121 1328 1184 δὲ

241 1237 375 1302 διάκουσον
398 1241 434 1310 ὡς
457 1239 564 1303 ἔκτεινε
587 1238 791 1314 διοιμόσοισόοιι.
830 1237 968 1320 Denique
992 1236 1142 1299 sententia
1162 1246 1207 1298 est
1234 1235 1323 1318 plane

239 1351 337 1413 otiosa
344 1377 353 1427 3
374 1349 465 1414 modo
483 1352 562 1414 enim
582 1358 684 1413 orator
703 1349 836 1412 dixerat:
861 1350 874 1413 ὁ
898 1349 951 1427 μὲν
967 1350 1026 1427 γάρ
1045 1349 1147 1412 διάκυν
1167 1351 1203 1419 ὡς
1216 1348 1324 1412 ἔκτεινε

236 1462 403 1540 διόμνυσοιι,
439 1465 452 1528 ὁ
487 1464 516 1526 δὲ
550 1464 669 1546 φεύγων
704 1465 740 1535 ὡς
775 1466 824 1527 οὐκ
859 1463 989 1528 ἔκτεινεν.
1029 1452 1205 1526 Haecsunt
1233 1483 1328 1544 quare.

239 1577 329 1640 verba
350 1584 454 1640 notata
470 1575 599 1641 habeam
615 1599 669 1661 pro
688 1576 943 1641 annotatiuncula
958 1575 1030 1638 olim
1048 1575 1079 1638 in
1097 1584 1213 1638 textum
1231 1574 1327 1638 illata.

239 1688 446 1752 Franckenius
467 1712 526 1754 non
550 1691 610 1753 nisi
629 1690 677 1753 σὸν
697 1690 850 1771 φεύγοντά
874 1688 970 1764 delet,
994 1688 1190 1772 quodetiam
1214 1688 1330 1771 placuit

240 1800 384 1878 schotto,
410 1809 445 1866 ut
469 1825 505 1865 cx
529 1802 667 1867 Dobsoni
691 1802 836 1866 ¹ltditione
861 1802 959 1866 video.

282 1916 299 1999 b
326 1919 374 1979 16.
422 1917 646 1990 Ἡποδοκάκκη
675 1917 772 1981 adad
795 1919 887 1991 ἐστιν,
911 1913 931 1980 ὦ
955 1916 1139 1992 Θεόμνηστε,
1165 1911 1178 1979 ὃ
1202 1921 1248 1979 νῦν
1273 1938 1327 1979 κοι-

237 2034 334 2092 λεῖτοιι
358 2032 387 2093 ἕν
414 2033 454 2109 τῷ
482 2029 559 2109 ξύλῳ
591 2029 727 2094 atleta.
762 2032 797 2094 Et
828 2027 874 2094 οὖν
901 2032 914 2095 o‘
941 2030 1026 2101 δεθεὶς
1058 2028 1176 2105 ἐξελθὼν
1207 2030 1235 2092 ἐν
1258 2035 1325 2099 ποεῖς

239 2142 366 2213 εὐθύναις
388 2139 443 2206 τῶν
466 2140 566 2206 ἕνδεκοο
589 2143 758 2219 κατηγοροίη
784 2139 826 2206 ότι
850 2145 898 2206 οὐκ
922 2145 949 2206 ἕν
972 2151 1009 2223 πη
1033 2142 1195 2222 ποδοκάκκη
1219 2141 1328 2206 ἐδέδετο

238 2256 309 2318 άλλ’
325 2256 353 2318 ἕν
369 2257 409 2334 τῷ
427 2254 515 2336 ξύλῳ,
534 2257 584 2319 οὐκ
602 2255 638 2318 όιν
650 2256 751 2329 ηλόόιον
764 2255 850 2318 adria
863 2255 1015 2334 νο,κι’ζοιεν;
1034 2254 1116 2330 Λέγε
1129 2255 1219 2334 ἕτερον
1232 2254 1324 2331 νόμον.

287 2366 398 2432 Nescio
422 2390 477 2430 cur
499 2368 656 2430 novissimi
680 2367 810 2431 editores
828 2369 859 2430 in
874 2368 929 2431 lrac
946 2367 1135 2452 paragrapho
1148 2390 1202 2451 pro
1215 2367 1328 2432 codicis

239 2479 372 2543 Palatini
406 2478 537 2543 lectione
569 2484 584 2556 ἡ
614 2479 774 2555 ποδοκάκκη
805 2481 878 2554 κῦπη
902 2483 979 2545 ἐστίν
1007 2481 1222 2544 substituerint
1247 2483 1328 2564 quod

242 2615 333 2676 supra
369 2593 516 2677 scriptum
556 2593 661 2670 vides,
691 2595 820 2677 petitum
852 2616 887 2656 ex
924 2594 1164 2682 Harpocratione
1195 2596 1225 2658 in
1260 2617 1330 2660 voce

239 2706 413 2780 ποδοκάκκη.
461 2705 596 2769 Probum
622 2707 703 2770 enim
727 2729 791 2770 esse
815 2705 888 2782 νιὸτη
915 2709 1059 2772 evincunt
1075 2708 1134 2771 loci
1150 2710 1182 2772 in
1202 2709 1329 2786 vicinia,

243 2820 373 2902 primum
398 2820 431 2883 τὸ
454 2819 597 2896 στάσιμον
621 2820 706 2884 σοῦσό
729 2821 862 2883 ἐστιν-
880 2824 910 2884 οὐ
934 2821 1012 2901 ζυγῷ
1035 2821 1152 2886 tortia
1176 2823 1207 2885 in
1230 2825 1247 2906 b
1274 2827 1328 2899 18,

241 2941 277 2994 ut
307 2933 339 2995 in
373 2932 515 2995 omnibus
548 2932 733 2996 editionibus
765 2932 894 3016 legitur,
928 2933 1038 2998 deinde
1069 2935 1159 2998 verba
1189 2937 1218 2999 in
1247 2939 1264 3021 b
1291 2939 1326 3002 17

241 3051 325 3109 τοῦτο
347 3045 381 3109 σο
403 3046 616 3124 ε’πιοοκήσοονσοο
638 3044 787 3120 όμόσοοντά
811 3048 886 3128 ἐστι,
913 3069 991 3129 quae
1014 3059 1094 3111 recte
1115 3057 1206 3132 atque
1224 3049 1329 3113 ordine

241 3156 400 3220 Scheibius
430 3157 467 3220 ab
501 3156 607 3220 exsilio
636 3157 759 3221 reduxit
789 3181 842 3242 pro
875 3161 1052 3224 coniectura
1074 3164 1251 3225 correctoris
1274 3163 1330 3225 Co-

241 3270 316 3334 dicis
341 3269 511 3334 Florentini
534 3271 641 3334 τούτων
664 3271 697 3334 τὸ
720 3273 772 3348 μὲν
792 3275 1002 3351 ἐπιορκήσιινσοο
1023 3274 1173 3352 όμόιοοντά
1193 3279 1265 3341 ἐστι.
1291 3277 1327 3340 ln

240 3384 438 3468 sequentibus
463 3405 524 3446 non
553 3405 711 3468 concoquo
736 3385 852 3468 puerile
875 3385 1005 3462 ἐξελθών.
1036 3388 1143 3472 Lysias
1167 3391 1329 3473 scripserat

239 3496 364 3579 opinor:
388 3497 412 3559 εἰ
435 3492 481 3560 οὖν
503 3496 517 3560 ό
541 3496 626 3568 δεθεὶς
655 3497 828 3572 ἐπεξελθὼν
852 3500 880 3562 ἕν
903 3508 971 3572 τοῖς
995 3502 1121 3573 εὐόόνοοις
1149 3509 1204 3566 τῶν
1227 3491 1328 3568 ἕνδεκοο

239 3609 422 3689 κοοσηνοροόη.
469 3609 630 3674 Praeterea
667 3633 735 3674 cum
773 3611 894 3676 Nabero
927 3615 1051 3699 legerim
1083 3617 1241 3697 νομίζοιμεν
1273 3641 1327 3702 pro

239 3723 383 3802 νομίζοιεν.

706 3930 854 3942 .-

261 4082 412 4150 oniam
444 4087 519 4151 XII.
567 4090 669 4154 Κοοτόι
700 4090 986 4180 Ἐοιοποσόένους,
1018 4104 1080 4163 ποῦ
1111 4102 1304 4178 γενομένου

307 4289 309 4294 Ι
379 4208 446 4266 πῶν
478 4203 688 4280 ποιάκονποι,
720 4203 754 4271 ἓν
786 4210 895 4281 αὐτὸς
925 4207 1006 4276 εἷπε
1037 4218 1186 4288 Λυσόοις.

281 4405 372 4487 bdss.
420 4404 520 4470 Κονίτοι
557 4407 658 4488 σφόδρ’
692 4406 727 4473 άν
762 4411 849 4474 αὐτὸν
876 4408 955 4488 οἶμοι
984 4418 1065 4494 μετά
1092 4422 1322 4496 Θεμιστοκλέους
