3364 5502
659 652 774 695 onemo
796 651 859 721 XVI.

303 829 353 894 ούκ
375 829 593 910 ἐσωφρύννπονς,
618 827 639 894 ὦ
662 831 834 911 πρεσβῦτιν,
860 831 912 903 τὴν
935 827 1122 893 κοοτάοτοιοιν

303 943 386 1018 τήνδε
408 943 570 1020 λοομβάνων
593 941 678 1025 άφνω
701 944 765 1021 πρὶν
787 943 837 1008 κοοὶ
860 943 962 1020 μονύεῖν
985 943 1037 1016 τὴν
1060 940 1190 1014 ἱππικήν.

216 1050 316 1116 Locus
355 1064 453 1119 exstat
488 1057 521 1118 in
558 1078 629 1120 voce
663 1056 848 1127 κοιτάστοοοις
884 1053 965 1138 apud
1002 1053 1294 1138 Harpocrationem,

216 1165 271 1248 qui
294 1173 324 1228 et
347 1167 412 1250 ipse
436 1168 590 1252 explicans
615 1169 689 1253 quid
713 1169 881 1253 significet,
907 1168 1008 1231 utitur
1033 1166 1129 1230 verbis
1145 1164 1294 1246 dpydprcr‘,

216 1275 282 1359 ὅπερ
305 1283 328 1342 οἱ
352 1285 588 1355 κοοτοιοτοούέντες
611 1286 711 1356 ἱππεῖς
735 1283 949 1360 ε’λάμβοινον
972 1284 1007 1345 εἰι
1029 1285 1079 1344 πού
1092 1278 1225 1356 δημοσίου
1236 1278 1297 1344 ari.

217 1391 363 1457 Eiusdem
393 1395 537 1474 fortasse,
570 1397 622 1480 qui
654 1397 736 1459 hunc
768 1418 903 1479 pannum
935 1393 1045 1478 Lysiae
1077 1393 1192 1466 assuit,
1226 1397 1299 1454 eunt

217 1505 324 1583 verba,
357 1530 435 1590 quae
465 1510 497 1571 in
529 1509 638 1573 vicinia
668 1509 831 1594 leguntur:
864 1510 895 1571 ἐκ
918 1508 971 1583 μὲν
994 1509 1052 1587 γάρ
1075 1506 1184 1584 τούτων
1207 1504 1299 1587 ῥᾴδιον

218 1617 249 1694 ἦν
272 1618 478 1698 ἐξοιλειφύῆνοοι
500 1625 540 1703 τῷ
562 1623 742 1704 βουλομένῳ,
767 1623 795 1686 ἐν
819 1622 929 1691 ε’κεὶνοις
953 1623 981 1684 δὲ
1004 1621 1068 1690 τοὺς
1091 1618 1296 1688 ἱππεύσαντος

217 1735 378 1810 άνοιγκοοῖον
401 1729 433 1808 ἦν
456 1736 510 1801 ὑπὸ
533 1743 588 1800 τῶν
611 1735 775 1816 φυλάρχων
796 1736 1011 1814 άπενεχύῆνοιι,
1036 1755 1113 1818 quae
1136 1733 1198 1796 fere
1227 1738 1300 1795 sunt

218 1847 348 1930 repetita
378 1869 414 1910 ex
445 1849 498 1925 iis,
532 1871 608 1931 quae
640 1849 729 1912 modo
761 1855 1001 1932 praecesserunt.
1050 1847 1171 1909 Bonum
1197 1853 1299 1908 autem

218 1959 351 2038 factum,
385 1962 466 2046 quod
491 1972 710 2027 commentator
733 1985 765 2026 se
789 1963 852 2046 ipse
878 1961 1014 2045 prodidit
1037 1958 1208 2022 stoliditate
1232 1978 1298 2020 sua.

219 2072 297 2137 (lum
330 2076 409 2139 enim
441 2085 586 2140 annotare
618 2075 774 2140 debuisset
804 2075 892 2138 facile
921 2075 987 2138 fieri
1010 2074 1164 2158 potuisse,
1189 2078 1225 2134 ut
1249 2093 1301 2134 no·

219 2211 288 2252 men
327 2190 411 2268 eius,
452 2191 505 2274 qui
543 2211 633 2273 eques
671 2211 733 2254 non
770 2189 892 2266 fuisset,
932 2188 989 2253 sub
1028 2186 1121 2250 XXX
1157 2186 1228 2249 viris
1267 2185 1299 2248 in

220 2302 339 2366 σοινάιον
370 2303 448 2366 illud
479 2304 649 2387 inferretur,
683 2302 766 2385 quod
797 2323 867 2364 reus
891 2300 949 2365 sibi
974 2299 1118 2362 accidisse
1142 2298 1299 2382 perhibet,
1347 2325 1350 2332 ¹

220 2415 332 2478 sciolus
355 2414 407 2478 ille
430 2413 545 2493 άκοοιοος
573 2415 692 2491 scribit,
718 2413 829 2497 equitis
855 2435 965 2476 nomen
988 2411 1076 2474 facile
1099 2411 1226 2492 ecpunpi
1249 2432 1300 2494 po·
1384 2451 1387 2456 -

220 2527 331 2604 tuisse,
357 2527 458 2609 quod,
483 2529 621 2612 quamvis
644 2550 766 2602 verum,
792 2527 841 2590 hic
865 2525 944 2588 uihil
967 2524 1005 2588 ad
1021 2546 1084 2588 rem
1100 2523 1183 2586 feeit.
1208 2523 1302 2587 Recte

221 2650 325 2703 contra
348 2642 414 2725 ipse
437 2640 544 2725 Lysias
568 2643 600 2706 in
617 2642 842 2726 superioribus,
861 2641 916 2704 ubi
932 2640 1121 2703 demonstrat
1136 2638 1168 2700 ι’νι
1180 2661 1299 2719 penore,

221 2774 312 2836 quam
336 2776 443 2838 parum
467 2755 538 2820 fidei
554 2764 705 2820 mereatur
721 2755 827 2819 tabula
842 2754 896 2818 illa
913 2754 1069 2837 equitum,
1088 2751 1163 2815 dicit
1174 2751 1301 2822 πολλοὺς

220 2872 274 2931 τῶν
304 2867 518 2945 ὁμολογούντων
547 2870 679 2934 ἱππεύειν
710 2872 760 2935 οὐκ
792 2871 910 2952 ε’νεῑνονι,
943 2867 1029 2941 ἕνὶονς
1060 2866 1086 2932 d*
1117 2870 1172 2929 τῶν
1195 2863 1303 2940 άποὶη-

219 2982 347 3060 μούντων
369 2981 589 3064 symmacum.

265 3096 282 3179 p
307 3097 356 3158 13.
405 3095 453 3157 ὑπ’
487 3095 678 3175 Ὀρύοβούλον
713 3097 938 3176 κατειλεγμένος
969 3098 1100 3163 ἱππεύειν
1130 3137 1175 3146 -
1205 3097 1302 3178 ἐτέρων

220 3206 396 3282 άνοοβάνπων
426 3207 474 3271 ε’πὶ
504 3209 570 3279 τοὺς
598 3206 702 3280 ἱππονς
724 3211 926 3286 άδοκιμάοτων
949 3213 1031 3291 ποιρά
1054 3211 1102 3276 τὸν
1125 3211 1224 3288 νόμον,
1245 3210 1303 3287 ἐγὼ

221 3321 379 3398 προσελθὼν
402 3319 458 3384 ἔτι
482 3321 537 3404 (sic
560 3322 666 3406 codex)
690 3325 730 3403 τῷ
753 3322 932 3404 Ὀρθοβούλῳ
956 3323 1116 3403 ε’ξοολεῖφοιὶ
1137 3348 1177 3399 με
1200 3325 1232 3386 εἰν
1251 3329 1303 3388 τοῦ

220 3434 407 3514 κοιτοιλύγον,
432 3435 590 3511 ἡγούμενος
614 3437 733 3516 οοὶοχοὶν
756 3433 827 3501 εἱνοιι
849 3444 901 3502 τοῦ
925 3439 1049 3511 πλύύονς
1073 3438 1229 3515 μέλλοντος
1251 3461 1305 3500 κιν-

219 3546 339 3612 δυνεύειν
361 3544 459 3611 άδειοον
482 3549 600 3628 ε’μοονπῷ
624 3550 882 3629 πωρονοκενάτοιντι
905 3552 1122 3629 στοάτεύεσύοοι.

266 3660 362 3723 Miror
386 3662 535 3725 neminem
560 3661 721 3726 Editorum
738 3673 855 3746 praeter
873 3663 1109 3729 Herwerdenum
1122 3665 1302 3731 obsecutum

222 3799 286 3840 esse
317 3775 457 3841 Dobraeo
486 3778 627 3841 monenti
651 3799 705 3862 pro
729 3778 770 3843 ἔτι
795 3779 1017 3843 emendandum
1042 3802 1107 3844 esse
1130 3776 1225 3857 εἶπον,
1250 3781 1301 3844 sed

222 3910 326 3952 omnes
343 3890 526 3954 deteriorum
542 3891 689 3955 librorum
706 3892 921 3957 correctionem
938 3891 1011 3973 ἔφην
1023 3894 1189 3978 recepisse,
1207 3917 1303 3977 quum

221 4009 322 4066 tamon
346 3998 424 4066 εἷπον
447 4004 545 4067 multo
569 4005 690 4069 facilius
714 4028 805 4090 quam
829 4006 903 4085 ἔφην
926 4005 957 4069 in
982 4005 1023 4069 ἔτι
1048 4006 1131 4070 abire
1157 4009 1299 4091 potuerit.

222 4115 355 4178 Probum
380 4125 483 4179 autem
507 4125 537 4181 et
560 4117 721 4202 Lysiacum
745 4118 893 4182 hocloco
918 4142 982 4184 esse
1006 4115 1083 4183 εἷπον
1105 4120 1149 4182 vel
1172 4142 1300 4203 sequeris

221 4228 430 4312 paragraphus
453 4229 560 4293 dooere
584 4240 712 4314 poterat.

696 4463 826 4478 --·-··n
