3364 5502
372 593 390 651 2
828 607 944 650 onnrro
967 608 989 652 1.

367 787 437 850 ficet
467 793 538 850 ante
569 792 620 852 τοῦ
651 788 763 863 οἰνῶνες
795 785 865 865 πρὸς
896 787 930 852 τὸ
953 786 1085 864 θημθσνον
1109 785 1196 858 ὄντος.
1244 786 1377 851 Videtur
1399 793 1454 850 aut

248 905 251 912 “
367 923 435 966 cum
459 900 585 964 Reiskio
604 901 815 986 supplendum
838 902 888 966 acl
916 907 1018 967 τοῦτο
1044 907 1094 966 τοῦ
1116 903 1245 979 οὶνῶνος,
1271 909 1342 979 aut,
1367 900 1450 985 quod

366 1015 487 1092 malim,
520 1014 700 1078 eiiciendum
733 1015 800 1088 κυθ,
825 1014 894 1078 coll.
918 1016 935 1098 b
958 1017 1016 1077 50:
1041 1013 1128 1086 οὐδεὶς
1152 1013 1294 1092 ἐξήλεγξε
1317 1014 1449 1091 δεομένης

365 1128 419 1206 μὲν
453 1111 506 1202 πῆς
539 1128 650 1198 πόλεως
693 1127 871 1208 χρημάτων,
906 1127 1047 1199 ἐθέλοντος
1084 1127 1108 1190 δ’
1126 1127 1230 1194 ἐκείνου
1261 1129 1447 1205 λογίσασθαι.

364 1241 524 1310 Praeterea
554 1264 623 1305 cum
651 1240 782 1325 Tayloro
815 1239 1010 1305 scribendum
1034 1252 1071 1323 πη
1096 1240 1179 1306 πθλεν
1202 1241 1315 1305 omisso
1338 1244 1381 1320 ἕν;
1405 1243 1449 1306 lo·

364 1356 470 1438 quitur
492 1355 574 1419 enim
597 1361 699 1417 orator
722 1353 761 1417 de
784 1354 932 1438 pecuniae
955 1355 1124 1439 angustiis,
1146 1353 1261 1439 quibus
1277 1355 1451 1439 respublica

363 1468 528 1552 premitur,
552 1489 614 1531 non
639 1466 677 1530 de
700 1467 826 1531 caritate
850 1489 1045 1532 nummorum
1067 1468 1100 1531 in
1124 1468 1210 1533 urbe.
1241 1468 1332 1532 Alius
1348 1469 1454 1550 locus,

361 1578 416 1644 ubi
440 1580 544 1644 eadem
576 1580 753 1644 coniunctio
783 1581 836 1644 aa!
863 1581 970 1644 lectori
1000 1581 1172 1646 molestiam
1205 1583 1305 1667 parit,
1337 1567 1453 1667 legitur

362 1692 416 1758 Or.
442 1693 542 1771 XXV,
567 1696 584 1778 b
608 1697 666 1758 13:
690 1692 712 1758 ἃ
735 1695 794 1774 χρη
817 1695 934 1766 ποθνποος
958 1695 1177 1773 ἐνθυμουμένους
1199 1698 1241 1772 μη
1264 1703 1323 1766 τοῖς
1343 1697 1450 1762 τούτων

361 1807 459 1884 λόγους
486 1807 647 1882 πιστεύειν,
678 1807 763 1871 ἄλλον
792 1807 841 1871 aul
876 1809 909 1872 ἐκ
938 1814 994 1874 τῶν
1024 1809 1113 1888 ἔργων
1147 1817 1264 1874 σκοπεῖν
1291 1807 1449 1890 arnam

361 1921 508 2001 πυνχοένεν
538 1919 747 1998 πεπραγμένον.
793 1921 937 2005 Plerique
968 1920 1118 2000 editores,
1152 1923 1184 1986 in
1215 1923 1263 1986 his
1291 1921 1446 2000 Cobetus,

362 2035 505 2110 eiiciant3
541 2032 624 2118 quod
651 2033 764 2097 nollem
788 2034 921 2098 factum:
945 2057 1035 2098 nemo
1059 2036 1138 2098 enim
1163 2035 1336 2120 perhibebit
1358 2037 1448 2100 libra·

361 2147 439 2224 rios,
475 2155 511 2209 ut
545 2146 577 2209 in
612 2146 687 2209 locis
717 2146 808 2210 modo
839 2148 994 2224 tractatis,
1028 2147 1181 2212 addidisse
1213 2148 1252 2212 ad
1279 2150 1447 2232 asyndeton

364 2261 423 2324 sibi
445 2260 608 2335 molestum
631 2259 815 2323 tollendum.
863 2259 972 2324 Potius
995 2260 1134 2346 suspicor
1157 2266 1208 2326 aa!
1234 2283 1383 2347 occupare
1405 2262 1450 2325 lo·

365 2395 432 2438 cum
458 2374 619 2450 vocabuli,
650 2372 733 2458 qnod
765 2373 899 2437 Palatini
928 2373 1042 2438 codicis
1065 2374 1164 2440 scriba
1186 2398 1249 2439 non
1273 2377 1346 2440 satis
1369 2398 1449 2440 com·

364 2488 454 2553 mode
477 2489 578 2572 legere
601 2489 745 2572 potuerit.
792 2487 881 2566 Quae
912 2489 938 2552 si
967 2511 1028 2553 non
1053 2512 1128 2554 vana
1152 2490 1286 2575 suspicio
1310 2500 1373 2568 est,
1398 2491 1448 2554 vix

364 2602 417 2665 alii
442 2601 590 2665 vocabulo
613 2601 698 2664 locus
722 2609 768 2664 est
790 2622 883 2684 quam
906 2602 1111 2686 comparativo
1133 2606 1260 2679 μᾶλλον.

403 2717 423 2799 'b
449 2716 488 2777 16
514 2717 566 2797 (†).
612 2711 650 2777 In
682 2713 786 2777 codice
814 2713 944 2797 legitur:
977 2715 1173 2794 προσελθοῦσα
1204 2711 1250 2779 οὖν
1281 2739 1329 2792 μον
1353 2714 1447 2790 ἐγγὺς

363 2832 380 2905 ἡ
414 2827 593 2905 ἄνθρωπος
626 2836 679 2900 τῆς
713 2827 803 2896 οἰκίης
837 2835 890 2901 πῆς
925 2829 998 2902 ἐμῆς
1032 2829 1206 2907 ἐπιτηροῦσα
1241 2829 1447 2909 ,,Εθφθληπε”

362 2941 420 3022 ἔφη
444 2942 505 3004 κπὲ.
551 3008 554 3014 ,

408 3053 545 3119 Delenda
569 3061 642 3117 sunt
664 3052 812 3116 vocabula
835 3057 852 3128 ἡ
875 3050 1036 3131 ἄνθρωπος,
1061 3075 1139 3137 quae
1162 3054 1242 3118 male
1262 3053 1322 3118 huo
1337 3054 1445 3138 pedem

362 3169 534 3233 intulerunt
566 3189 602 3230 ex
621 3166 821 3252 paragrapho
850 3166 1024 3250 superiore,
1050 3175 1081 3230 et
1104 3168 1287 3232 sententiam
1310 3190 1447 3252 pessum·

363 3281 447 3345 dant.

405 3397 422 3479 b
449 3397 486 3456 19
512 3396 568 3478 (†).
614 3392 775 3456 Palatinus
807 3392 915 3456 habet:
947 3393 1043 3467 ἐπειδη
1065 3392 1095 3456 δὲ
1111 3394 1169 3471 ἐγὼ
1197 3394 1338 3471 ἐμνήσθην
1361 3395 1447 3474 ’Epa-

361 3508 505 3579 ποσθένους
536 3508 604 3587 πρὸς
636 3505 727 3579 ababa
756 3505 806 3570 sal
838 3501 917 3570 εἷπον
945 3503 988 3570 dra
1015 3502 1095 3578 οὗτος
1125 3507 1139 3570 c‘
1165 3511 1272 3588 φοιτῶν
1294 3505 1336 3580 εἴη
1359 3506 1445 3586 πρὸς

362 3623 414 3696 την
436 3627 582 3699 assarna,
606 3617 771 3696 ἐξεπλάγη.

407 3733 513 3819 Lysias
547 3733 685 3817 scripsit,
717 3732 750 3795 ni
780 3731 886 3809 fallor,
919 3731 1002 3812 πυροὶ
1028 3734 1080 3807 πην
1106 3738 1252 3808 γυναῖκα,
1278 3738 1314 3794 ut
1340 3753 1446 3795 omnes

363 3856 429 3912 tum
458 3848 491 3910 in
519 3846 623 3911 eadem
646 3867 680 3910 re
703 3844 859 3923 solebant,
884 3846 1002 3930 etipse
1025 3845 1188 3932 scripserat
1210 3846 1243 3909 in
1265 3847 1282 3929 b
1308 3848 1363 3925 15,
1391 3845 1448 3910 ubi

361 3968 441 4025 recte
464 3959 567 4023 editur
590 3960 697 4041 ε’φοίποο
719 3961 790 4037 παρ’
812 3959 914 4034 adeda.
960 3957 1099 4022 Labente
1127 3958 1250 4023 demum
1274 3957 1448 4022 Graecitate

361 4074 429 4155 πρθς
461 4094 586 4157 quoque
616 4072 649 4134 in
678 4071 736 4135 hac
766 4070 921 4135 locutione
948 4072 1091 4156 usurpari
1114 4078 1256 4156 coeptum
1280 4078 1327 4135 est
1334 4121 1344 4150 ,
1369 4094 1448 4156 quae

363 4208 471 4251 caussa
493 4185 572 4261 fuit,
598 4206 653 4248 our
676 4184 726 4248 hic
749 4183 834 4247 locus
858 4183 957 4248 labem
982 4185 1165 4269 conceperit.

405 4301 496 4384 ΜΟ.
543 4297 592 4362 κον)
620 4297 688 4362 πθπε
710 4297 761 4372 ἤδη
785 4296 853 4376 πρὸς
876 4297 916 4361 τοὶ
940 4297 1055 4374 aduerat
1078 4321 1134 4374 μου
1158 4303 1303 4380 πεσοῦσοο,
1328 4299 1377 4362 acl
1401 4299 1448 4363 πθ-

361 4437 424 4480 σπον
457 4414 526 4492 παρ’
555 4413 626 4488 ἐμοῦ
659 4409 798 4488 λοβοῦσοο
829 4411 917 4488 μηδὲν
950 4411 1099 4475 πείσεσθοον
1131 4412 1238 4488 κοινόν,
1267 4411 1444 4492 κοιπηγθρευε
