3364 5502
353 546 394 605 26
788 558 903 601 orario
925 557 995 600 xm.

352 738 585 817 μετωπέμπετωι
612 738 664 810 τὴν
690 736 824 818 οὶθελφὴν
853 737 905 810 τὶςν
936 734 1007 812 έμθρν
1037 735 1077 806 εἰς
1099 734 1133 798 τθ
1156 733 1361 811 δεσμωτήριον,
1383 755 1439 808 γυ·

354 859 442 916 νωῖκοο
464 852 567 914 ἑωυτοῦ
591 845 688 914 οὖσαν.

399 962 552 1047 Repetitio
576 960 737 1024 verborum
759 961 798 1032 εἰς
821 959 855 1024 τὸ
877 960 1064 1038 δεσμωτήριον
1080 979 1143 1023 non
1160 958 1281 1022 videtur
1295 979 1313 1020 a
1328 956 1437 1042 Lysia,

356 1077 410 1141 sed
433 1099 451 1139 a
474 1073 645 1158 magistello
668 1073 803 1158 profecta
826 1095 900 1136 esse.

406 1189 423 1273 d
446 1191 488 1250 42
513 1188 564 1270 (τ).
611 1185 660 1249 xci
683 1194 720 1266 τῇ
743 1184 858 1262 γυνωικὶ
878 1193 915 1264 τῇ
928 1185 1016 1248 αὑτοῦ
1028 1183 1209 1258 ε’πέσιωρπτε,
1222 1181 1339 1262 νομέζων
1351 1184 1442 1256 atriu

366 1308 442 1365 κυεῖν
470 1298 503 1374 ἐξ
533 1299 640 1372 αὑτοῦ,
670 1298 720 1362 εἰὶν
748 1296 869 1374 γένντοιι
900 1298 976 1376 αὐτῇ
1003 1295 1131 1369 ποιιθέον,
1155 1294 1274 1376 φριέζειν
1296 1297 1337 1375 τῷ
1360 1316 1440 1372 yero-

360 1415 435 1492 μένῳ
460 1408 502 1474 ὅτι
532 1409 580 1473 τὸν
611 1409 724 1487 πωτέρω
756 1411 845 1472 οιθτοῦ
869 1407 1028 1486 Ἀγέροιτος
1052 1407 1222 1480 ἀπέκτεινε,
1245 1407 1294 1470 κω)
1316 1405 1443 1471 κελεύειν

355 1531 486 1602 τιμωρεῖν
509 1523 577 1601 ὑπὲρ
601 1522 690 1585 ωὑτοῡ
714 1523 750 1592 ὥς
773 1520 865 1601 φονέοο
888 1518 967 1584 ὄντος.

399 1636 561 1720 Ingeniosa
578 1634 701 1720 quidem
714 1633 905 1697 Hamakerus
921 1633 1050 1697 coniecit
1066 1632 1230 1716 legendum
1242 1653 1305 1695 esse
1317 1629 1436 1713 φροέζειν

358 1751 436 1828 circi
448 1748 523 1826 οθνθρὶ
536 1747 688 1826 γενομένω,
705 1768 802 1830 neque
814 1753 915 1809 tamen
928 1745 987 1808 loci
999 1744 1241 1810 emendationem
1254 1743 1328 1807 mihi
1341 1743 1435 1827 perfe-

358 1863 435 1926 cisse
459 1861 577 1924 videtur
583 1887 593 1937 ,-
617 1868 771 1944 praeterea
794 1860 874 1922 enim
891 1859 1057 1942 requiritur
1072 1857 1111 1922 ad
1126 1858 1236 1922 πωιδίον
1252 1857 1436 1922 adiectivum

359 1971 456 2054 θιρρευ,
489 1972 572 2055 quod
594 1970 682 2035 facile
705 1971 785 2034 inter
812 1969 860 2035 ἐνέν
884 1981 914 2033 et
937 1970 1057 2046 ρέυντωι
1080 1970 1217 2034 excidere
1241 1970 1353 2054 potuit.
1390 1967 1437 2031 Of.

365 2085 601 2168 Aristophanem
626 2085 658 2147 in
681 2083 802 2147 Thesm.
828 2106 871 2146 vs.
898 2084 980 2145 549:

494 2199 536 2275 μὴ
559 2197 720 2278 φροντίσρς·
745 2195 825 2276 ἄρρεν
848 2197 908 2273 γὰρ
933 2194 1014 2260 ἔτεκε
1035 2194 1155 2260 astaus.

407 2312 487 2395 §63
512 2312 562 2392 (t).
609 2309 646 2372 In
676 2308 817 2372 Palatino
849 2317 910 2372 est:
946 2309 970 2372 οἱ
999 2306 1140 2371 δ’ωὐτῶν
1163 2305 1372 2386 περιγενόμενοι
1397 2306 1444 2371 aad

365 2423 515 2498 σωθέντες,
539 2416 585 2493 οὓς
609 2419 688 2492 οὗτος
711 2423 765 2498 μὲν
787 2421 955 2486 ἀπέκτεινεν
978 2425 1059 2497 ὠμῶς
1081 2422 1143 2486 uei
1163 2421 1316 2492 θοένιοτος
1332 2423 1446 2485 ωὐτῶν

363 2534 614 2609 sucessores,
638 2536 655 2608 ἡ
681 2534 709 2598 δέ
732 2534 812 2612 τθχιρ
836 2535 885 2597 aa>
908 2533 1046 2610 θδωέμων
1062 2535 1250 2613 περιεποίησε·
1267 2530 1445 2616 φυγόντες

366 2649 434 2724 γὰρ
458 2646 592 2710 ἐνθένδε
616 2646 676 2709 nat
700 2649 737 2710 οθ
759 2645 1028 2724 συλληφθέντες
1045 2645 1173 2710 δθοῦθὲ
1189 2646 1446 2722 θπομεθνωντες

365 2760 426 2832 τὴν
449 2757 563 2838 κρέσιν
586 2756 773 2830 κωτελθθντες
798 2757 858 2821 ἀπὸ
875 2765 972 2830 Φυλῆς
987 2763 1127 2835 τιμῶντωι
1144 2759 1195 2839 ὑφ’
1211 2759 1287 2835 ὑμῶν
1303 2761 1339 2830 ὥς
1350 2755 1447 2837 ἄνδρες

365 2870 470 2948 ussto>
493 2870 580 2943 ὄντες.

411 2981 515 3058 Idem,
550 2983 603 3066 qui
635 2983 667 3044 in
699 2981 810 3044 vicinia
840 2980 916 3044 duas
948 2983 1152 3066 paragraphos
1183 2983 1316 3066 integras
1348 2985 1387 3046 65
1417 2989 1446 3046 et

371 3098 411 3157 66
446 3095 659 3178 interpolavit,
699 3116 737 3157 ne
772 3092 810 3157 ab
845 3094 903 3157 hoc
937 3095 1061 3177 quidem
1096 3095 1163 3158 loco
1198 3117 1321 3160 manum
1356 3095 1447 3160 absti-

368 3209 455 3284 nuit,
490 3208 542 3271 sed
566 3208 669 3270 asinus
694 3206 817 3269 auribus
841 3228 905 3270 sese
929 3207 1040 3291 prodit.
1087 3206 1172 3286 Quid
1195 3209 1276 3271 enim
1300 3208 1448 3292 puerilius

368 3325 398 3382 et
429 3320 561 3382 ieiunius
594 3341 685 3403 quam
717 3327 786 3401 post
818 3320 985 3384 ἀπέκτεινεν
1015 3323 1097 3397 ὠμῶς
1124 3320 1233 3385 addere
1256 3320 1305 3385 νωθ
1328 3320 1448 3392 θοένωτος

369 3433 463 3494 αὐτῶν
496 3429 704 3506 κοιτεγνθσθν.ο
750 3429 790 3494 Et
827 3453 918 3514 quern
955 3432 1014 3495 nisi
1048 3432 1201 3516 garrulam
1238 3455 1331 3496 anum
1362 3433 1449 3497 decet

302 3627 308 3640 1
369 3550 437 3625 post
477 3545 686 3621 περιγενόμενοι
698 3590 707 3619 ,
747 3543 902 3620 σωθέντες,
942 3547 957 3606 ὁ
992 3545 1101 3621 aaron
1138 3546 1316 3624 περιεποίησε
1355 3546 1448 3630 expli·

370 3674 436 3716 care
477 3677 537 3738 quo
575 3653 665 3717 modo
700 3655 757 3720 hoc
795 3657 908 3720 factum
939 3657 995 3734 sit,
1034 3658 1121 3740 quasi
1155 3657 1270 3721 iudices
1303 3658 1361 3721 hoc
1398 3680 1449 3722 ne·
1480 3709 1489 3727 .

370 3766 498 3843 scirent,
538 3765 630 3850 idque
671 3767 709 3829 iis
751 3767 865 3844 verbis,
904 3790 981 3852 quac
1012 3769 1134 3832 homine
1161 3770 1279 3834 ratione
1310 3771 1448 3853 praedito

368 3876 494 3960 indigna
525 3877 596 3941 sint.
641 3876 860 3962 Expungamus
888 3881 983 3964 igitur
1012 3881 1087 3943 istas
1110 3881 1257 3964 ineptias,
1282 3902 1343 3964 quo
1366 3883 1446 3946 facto

368 3987 546 4050 habebimus
586 3990 764 4052 sententiam
802 3989 895 4073 Lysia
929 3991 1070 4074 dignam,
1109 4012 1171 4053 non
1194 3991 1371 4082 impeditam
1394 3995 1448 4057 im·

367 4100 449 4163 mani
484 4098 536 4162 illa
570 4101 778 4177 anacoluthia,
814 4123 904 4184 quam
941 4104 1032 4165 miror
1062 4103 1215 4185 quomodo
1239 4104 1362 4186 quidam
1389 4106 1447 4168 viri

369 4212 451 4275 docti
491 4234 678 4294 concoquere
718 4214 881 4296 potuerint.
938 4213 1081 4297 Superest·
1122 4223 1158 4277 ut
1198 4237 1353 4293 moneam,
1390 4216 1448 4297 γοέρ

370 4324 430 4385 iarn
469 4345 486 4386 a
524 4323 722 4401 Marklando,
765 4326 854 4389 verba
892 4329 923 4389 οὐ
960 4325 1175 4405 συλληφθέντες
1214 4327 1244 4390 δὲ
1283 4328 1344 4392 οὐδὲ
1385 4329 1450 4396 ὑπο-
