<?xml version="1.0" encoding="UTF-8"?>
<!DOCTYPE html PUBLIC "-//W3C//DTD XHTML 1.0 Transitional//EN"
    "http://www.w3.org/TR/xhtml1/DTD/xhtml1-transitional.dtd">
<html xmlns="http://www.w3.org/1999/xhtml" xml:lang="en" lang="en">
 <head>
  <title>
</title>
<meta http-equiv="Content-Type" content="text/html;charset=utf-8" />
  <meta name='ocr-system' content='tesseract 3.04.00' />
  <meta name='ocr-capabilities' content='ocr_page ocr_carea ocr_par ocr_line ocrx_word'/>
</head>
<body>
  <div class='ocr_page' id='page_1' title='image "./lectioneslysica00halbgoog_0070.png"; bbox 0 0 3364 5502; ppageno 0'>
   <div class='ocr_carea' id='block_1_1' title="bbox 657 584 1319 662">
    <p class='ocr_par' dir='ltr' id='par_1_1' title="bbox 657 584 1319 662">
     <span class='ocr_line' id='line_1_1' title="bbox 657 584 1319 662; baseline 0 -2"><span class='ocrx_word' id='word_1_1' title='bbox 657 615 772 662; x_wconf 81' lang='lat' dir='ltr'><strong>omme</strong></span> <span class='ocrx_word' id='word_1_2' title='bbox 794 613 881 662; x_wconf 79' lang='lat' dir='ltr'><strong>xxvi.</strong></span> <span class='ocrx_word' id='word_1_3' title='bbox 976 584 980 595; x_wconf 76' lang='grc'><strong>’</strong></span> <span class='ocrx_word' id='word_1_4' title='bbox 1278 598 1319 660; x_wconf 77' lang='lat' dir='ltr'><strong>tt</strong></span> 
     </span>
    </p>
   </div>
   <div class='ocr_carea' id='block_1_2' title="bbox 269 792 1321 880">
    <p class='ocr_par' dir='ltr' id='par_1_2' title="bbox 269 792 1321 880">
     <span class='ocr_line' id='line_1_2' title="bbox 269 792 1321 880; baseline 0.005 -25"><span class='ocrx_word' id='word_1_5' title='bbox 269 794 287 876; x_wconf 62' lang='lat' dir='ltr'><strong>d</strong></span> <span class='ocrx_word' id='word_1_6' title='bbox 312 794 369 857; x_wconf 84' lang='lat'>18..</span> <span class='ocrx_word' id='word_1_7' title='bbox 410 792 514 859; x_wconf 83' lang='lat' dir='ltr'>Codex</span> <span class='ocrx_word' id='word_1_8' title='bbox 537 795 647 863; x_wconf 85' lang='lat' dir='ltr'><strong>habet:</strong></span> <span class='ocrx_word' id='word_1_9' title='bbox 672 797 722 862; x_wconf 76' lang='grc' dir='ltr'><strong>καὶ</strong></span> <span class='ocrx_word' id='word_1_10' title='bbox 748 796 891 875; x_wconf 83' lang='grc' dir='ltr'><strong><em>ήγοῦντιύ</em></strong></span> <span class='ocrx_word' id='word_1_11' title='bbox 912 819 957 880; x_wconf 85' lang='grc' dir='ltr'><strong>γε</strong></span> <span class='ocrx_word' id='word_1_12' title='bbox 980 795 1028 861; x_wconf 76' lang='grc' dir='ltr'><strong>διὰ</strong></span> <span class='ocrx_word' id='word_1_13' title='bbox 1043 795 1195 874; x_wconf 75' lang='grc' dir='ltr'><strong>μὲντοὺς</strong></span> <span class='ocrx_word' id='word_1_14' title='bbox 1212 795 1321 874; x_wconf 60' lang='grc' dir='ltr'><strong><em>τοιού,-</em></strong></span> 
     </span>
    </p>
   </div>
   <div class='ocr_carea' id='block_1_3' title="bbox 128 906 1366 991">
    <p class='ocr_par' dir='ltr' id='par_1_3' title="bbox 128 906 1366 991">
     <span class='ocr_line' id='line_1_3' title="bbox 128 906 1366 991; baseline 0.003 -22"><span class='ocrx_word' id='word_1_15' title='bbox 128 914 149 951; x_wconf 84' lang='grc'><strong>’-</strong></span> <span class='ocrx_word' id='word_1_16' title='bbox 227 929 306 978; x_wconf 85' lang='grc' dir='ltr'><strong><em>τους</em></strong></span> <span class='ocrx_word' id='word_1_17' title='bbox 335 907 560 989; x_wconf 63' lang='grc' dir='ltr'><strong>συλληφθέντας</strong></span> <span class='ocrx_word' id='word_1_18' title='bbox 578 909 656 975; x_wconf 55' lang='grc' dir='ltr'><strong><em>’τθτε</em></strong></span> <span class='ocrx_word' id='word_1_19' title='bbox 688 911 861 991; x_wconf 71' lang='grc' dir='ltr'><strong><em>ἀποθανεῖν,</em></strong></span> <span class='ocrx_word' id='word_1_20' title='bbox 895 909 942 974; x_wconf 72' lang='grc' dir='ltr'><strong>διὰ</strong></span> <span class='ocrx_word' id='word_1_21' title='bbox 975 907 1004 972; x_wconf 69' lang='grc' dir='ltr'><strong>δέ</strong></span> <span class='ocrx_word' id='word_1_22' title='bbox 1034 910 1100 980; x_wconf 83' lang='grc' dir='ltr'><strong><em>τοὺς</em></strong></span> <span class='ocrx_word' id='word_1_23' title='bbox 1123 906 1231 980; x_wconf 71' lang='grc' dir='ltr'><strong><em>ἄλλους</em></strong></span> <span class='ocrx_word' id='word_1_24' title='bbox 1253 908 1319 980; x_wconf 81' lang='grc' dir='ltr'><strong><em>τοὺς</em></strong></span> <span class='ocrx_word' id='word_1_25' title='bbox 1365 957 1366 964; x_wconf 35' lang='lat'>1</span> 
     </span>
    </p>
   </div>
   <div class='ocr_carea' id='block_1_4' title="bbox 226 1021 1383 3032">
    <p class='ocr_par' dir='ltr' id='par_1_4' title="bbox 226 1021 1383 3032">
     <span class='ocr_line' id='line_1_4' title="bbox 227 1021 1318 1106; baseline 0 -22"><span class='ocrx_word' id='word_1_26' title='bbox 227 1021 450 1100; x_wconf 71' lang='grc' dir='ltr'><strong>συλληφθέντας</strong></span> <span class='ocrx_word' id='word_1_27' title='bbox 474 1023 629 1105; x_wconf 73' lang='grc' dir='ltr'><em>ἐκφεύγειν</em></span> <span class='ocrx_word' id='word_1_28' title='bbox 656 1024 749 1106; x_wconf 90' lang='lat' dir='ltr'><strong>(recte</strong></span> <span class='ocrx_word' id='word_1_29' title='bbox 773 1022 968 1088; x_wconf 85' lang='lat' dir='ltr'><strong>emendatum</strong></span> <span class='ocrx_word' id='word_1_30' title='bbox 992 1032 1038 1086; x_wconf 90' lang='lat' dir='ltr'><strong>est</strong></span> <span class='ocrx_word' id='word_1_31' title='bbox 1060 1023 1228 1105; x_wconf 75' lang='grc' dir='ltr'><strong><em>ἐκφυγεῖν),</em></strong></span> <span class='ocrx_word' id='word_1_32' title='bbox 1253 1022 1318 1087; x_wconf 74' lang='grc' dir='ltr'><strong>ἐπεὶ</strong></span> 
     </span>
     <span class='ocr_line' id='line_1_5' title="bbox 227 1133 1319 1218; baseline 0.002 -22"><span class='ocrx_word' id='word_1_33' title='bbox 227 1133 254 1196; x_wconf 73' lang='grc' dir='ltr'><strong>εἴ</strong></span> <span class='ocrx_word' id='word_1_34' title='bbox 274 1157 312 1211; x_wconf 87' lang='grc' dir='ltr'><strong>γε</strong></span> <span class='ocrx_word' id='word_1_35' title='bbox 334 1136 387 1209; x_wconf 80' lang='grc' dir='ltr'><strong>τήν</strong></span> <span class='ocrx_word' id='word_1_36' title='bbox 410 1138 501 1211; x_wconf 85' lang='grc' dir='ltr'><strong><em>αύτήν</em></strong></span> <span class='ocrx_word' id='word_1_37' title='bbox 524 1137 642 1213; x_wconf 82' lang='grc' dir='ltr'><strong><em>γνύαην</em></strong></span> <span class='ocrx_word' id='word_1_38' title='bbox 665 1134 797 1208; x_wconf 70' lang='grc' dir='ltr'><strong><em>ἅπαντες</em></strong></span> <span class='ocrx_word' id='word_1_39' title='bbox 821 1136 927 1216; x_wconf 78' lang='grc' dir='ltr'><strong><em>ἔσχον,</em></strong></span> <span class='ocrx_word' id='word_1_40' title='bbox 951 1135 1012 1200; x_wconf 73' lang='grc' dir='ltr'><strong><em>οὔτ’</em></strong></span> <span class='ocrx_word' id='word_1_41' title='bbox 1033 1133 1069 1208; x_wconf 68' lang='lat' dir='ltr'><strong>atu</strong></span> <span class='ocrx_word' id='word_1_42' title='bbox 1093 1137 1178 1218; x_wconf 81' lang='grc' dir='ltr'><strong><em>φυγή</em></strong></span> <span class='ocrx_word' id='word_1_43' title='bbox 1200 1133 1263 1200; x_wconf 62' lang='grc' dir='ltr'><strong><em>ούο)</em></strong></span> <span class='ocrx_word' id='word_1_44' title='bbox 1283 1133 1319 1199; x_wconf 85' lang='grc' dir='ltr'><strong>θον</strong></span> 
     </span>
     <span class='ocr_line' id='line_1_6' title="bbox 227 1246 1292 1330; baseline 0.003 -20"><span class='ocrx_word' id='word_1_45' title='bbox 227 1246 341 1319; x_wconf 75' lang='grc' dir='ltr'><strong><em>ιιοὶθοθος</em></strong></span> <span class='ocrx_word' id='word_1_46' title='bbox 364 1248 425 1313; x_wconf 63' lang='grc' dir='ltr'><strong><em>ούτ)</em></strong></span> <span class='ocrx_word' id='word_1_47' title='bbox 448 1248 525 1314; x_wconf 73' lang='grc' dir='ltr'><strong><em>ἄλλο</em></strong></span> <span class='ocrx_word' id='word_1_48' title='bbox 547 1250 622 1314; x_wconf 75' lang='grc' dir='ltr'><strong><em>οὐδὲν</em></strong></span> <span class='ocrx_word' id='word_1_49' title='bbox 645 1249 681 1314; x_wconf 71' lang='lat' dir='ltr'><strong>dv</strong></span> <span class='ocrx_word' id='word_1_50' title='bbox 704 1257 760 1314; x_wconf 81' lang='grc' dir='ltr'><strong>τῶν</strong></span> <span class='ocrx_word' id='word_1_51' title='bbox 782 1248 984 1327; x_wconf 67' lang='grc' dir='ltr'><strong><em>γεγενημένων</em></strong></span> <span class='ocrx_word' id='word_1_52' title='bbox 1006 1257 1043 1330; x_wconf 73' lang='grc' dir='ltr'><strong>τῇ</strong></span> <span class='ocrx_word' id='word_1_53' title='bbox 1067 1246 1292 1326; x_wconf 68' lang='grc' dir='ltr'><strong><em>τέλει’σννέβη.</em></strong></span> 
     </span>
     <span class='ocr_line' id='line_1_7' title="bbox 271 1359 1321 1446; baseline 0.001 -23"><span class='ocrx_word' id='word_1_54' title='bbox 271 1359 353 1424; x_wconf 89' lang='lat' dir='ltr'><strong>Male</strong></span> <span class='ocrx_word' id='word_1_55' title='bbox 384 1362 498 1426; x_wconf 87' lang='lat' dir='ltr'><strong>factum</strong></span> <span class='ocrx_word' id='word_1_56' title='bbox 531 1363 615 1446; x_wconf 91' lang='lat' dir='ltr'><strong>quod</strong></span> <span class='ocrx_word' id='word_1_57' title='bbox 647 1364 705 1427; x_wconf 90' lang='lat' dir='ltr'><strong>viri</strong></span> <span class='ocrx_word' id='word_1_58' title='bbox 733 1363 817 1426; x_wconf 89' lang='lat' dir='ltr'><strong>docti</strong></span> <span class='ocrx_word' id='word_1_59' title='bbox 841 1363 1010 1427; x_wconf 83' lang='lat' dir='ltr'><strong>sententiae</strong></span> <span class='ocrx_word' id='word_1_60' title='bbox 1033 1361 1128 1425; x_wconf 85' lang='lat' dir='ltr'><strong>huius</strong></span> <span class='ocrx_word' id='word_1_61' title='bbox 1152 1361 1212 1427; x_wconf 92' lang='lat' dir='ltr'><strong>loci</strong></span> <span class='ocrx_word' id='word_1_62' title='bbox 1235 1361 1321 1424; x_wconf 81' lang='lat' dir='ltr'><strong>satie·</strong></span> 
     </span>
     <span class='ocr_line' id='line_1_8' title="bbox 226 1473 1320 1560; baseline 0.002 -24"><span class='ocrx_word' id='word_1_63' title='bbox 226 1473 342 1538; x_wconf 86' lang='lat' dir='ltr'><strong>iactum</strong></span> <span class='ocrx_word' id='word_1_64' title='bbox 366 1474 496 1540; x_wconf 84' lang='lat' dir='ltr'><strong>credunt</strong></span> <span class='ocrx_word' id='word_1_65' title='bbox 519 1477 635 1540; x_wconf 87' lang='lat' dir='ltr'><strong>inserto</strong></span> <span class='ocrx_word' id='word_1_66' title='bbox 659 1478 724 1559; x_wconf 80' lang='grc' dir='ltr'><strong><em>τούς</em></strong></span> <span class='ocrx_word' id='word_1_67' title='bbox 749 1483 821 1560; x_wconf 89' lang='lat' dir='ltr'><strong>post</strong></span> <span class='ocrx_word' id='word_1_68' title='bbox 843 1477 1005 1552; x_wconf 75' lang='grc' dir='ltr'><strong><em>τοιούτουςς</em></strong></span> <span class='ocrx_word' id='word_1_69' title='bbox 1033 1477 1084 1538; x_wconf 80' lang='lat' dir='ltr'><strong>vix</strong></span> <span class='ocrx_word' id='word_1_70' title='bbox 1107 1477 1188 1540; x_wconf 87' lang='lat' dir='ltr'><strong>enim</strong></span> <span class='ocrx_word' id='word_1_71' title='bbox 1212 1474 1320 1559; x_wconf 86' lang='lat' dir='ltr'><strong>Lysias</strong></span> 
     </span>
     <span class='ocr_line' id='line_1_9' title="bbox 230 1577 1320 1674; baseline 0.001 -24"><span class='ocrx_word' id='word_1_72' title='bbox 230 1609 284 1672; x_wconf 86' lang='lat' dir='ltr'><strong>pro</strong></span> <span class='ocrx_word' id='word_1_73' title='bbox 308 1610 364 1652; x_wconf 86' lang='lat' dir='ltr'><strong>suo</strong></span> <span class='ocrx_word' id='word_1_74' title='bbox 388 1597 565 1674; x_wconf 76' lang='lat' dir='ltr'><strong>agnosceret</strong></span> <span class='ocrx_word' id='word_1_75' title='bbox 588 1590 655 1662; x_wconf 85' lang='grc' dir='ltr'><strong><em>τοὺς</em></strong></span> <span class='ocrx_word' id='word_1_76' title='bbox 678 1589 904 1669; x_wconf 68' lang='grc' dir='ltr'><strong>συλληφθέντας</strong></span> <span class='ocrx_word' id='word_1_77' title='bbox 928 1589 995 1653; x_wconf 92' lang='lat' dir='ltr'><strong>sine</strong></span> <span class='ocrx_word' id='word_1_78' title='bbox 1014 1577 1082 1652; x_wconf 88' lang='lat' dir='ltr'><strong>ulla</strong></span> <span class='ocrx_word' id='word_1_79' title='bbox 1105 1590 1135 1652; x_wconf 84' lang='lat' dir='ltr'><strong>vi</strong></span> <span class='ocrx_word' id='word_1_80' title='bbox 1158 1589 1320 1653; x_wconf 87' lang='lat' dir='ltr'><strong>iteratum:</strong></span> 
     </span>
     <span class='ocr_line' id='line_1_10' title="bbox 229 1700 1323 1787; baseline 0.001 -24"><span class='ocrx_word' id='word_1_81' title='bbox 229 1700 345 1764; x_wconf 91' lang='lat' dir='ltr'><strong>nemini</strong></span> <span class='ocrx_word' id='word_1_82' title='bbox 367 1724 457 1787; x_wconf 91' lang='lat' dir='ltr'><strong>porro</strong></span> <span class='ocrx_word' id='word_1_83' title='bbox 481 1702 652 1787; x_wconf 77' lang='lat' dir='ltr'><strong>quidquam</strong></span> <span class='ocrx_word' id='word_1_84' title='bbox 676 1703 814 1766; x_wconf 85' lang='lat' dir='ltr'><strong>innotuit</strong></span> <span class='ocrx_word' id='word_1_85' title='bbox 837 1701 875 1766; x_wconf 92' lang='lat' dir='ltr'><strong>de</strong></span> <span class='ocrx_word' id='word_1_86' title='bbox 898 1702 956 1779; x_wconf 89' lang='lat' dir='ltr'><strong>iis,</strong></span> <span class='ocrx_word' id='word_1_87' title='bbox 973 1702 1028 1786; x_wconf 91' lang='lat' dir='ltr'><strong>qui</strong></span> <span class='ocrx_word' id='word_1_88' title='bbox 1044 1701 1323 1765; x_wconf 84' lang='lat' dir='ltr'><strong>nostrolococom·</strong></span> 
     </span>
     <span class='ocr_line' id='line_1_11' title="bbox 230 1793 1321 1900; baseline 0.001 -24"><span class='ocrx_word' id='word_1_89' title='bbox 230 1813 372 1897; x_wconf 81' lang='lat' dir='ltr'>prehensi</span> <span class='ocrx_word' id='word_1_90' title='bbox 402 1793 503 1879; x_wconf 87' lang='lat' dir='ltr'><strong>tamen</strong></span> <span class='ocrx_word' id='word_1_91' title='bbox 530 1825 659 1880; x_wconf 87' lang='lat' dir='ltr'><strong>mortem</strong></span> <span class='ocrx_word' id='word_1_92' title='bbox 692 1816 833 1900; x_wconf 84' lang='lat' dir='ltr'><strong>effugisse</strong></span> <span class='ocrx_word' id='word_1_93' title='bbox 865 1815 1031 1879; x_wconf 84' lang='lat' dir='ltr'><strong>dicuntur:</strong></span> <span class='ocrx_word' id='word_1_94' title='bbox 1063 1813 1195 1898; x_wconf 86' lang='lat' dir='ltr'><strong>denique</strong></span> <span class='ocrx_word' id='word_1_95' title='bbox 1219 1815 1321 1877; x_wconf 87' lang='lat' dir='ltr'><strong>minus</strong></span> 
     </span>
     <span class='ocr_line' id='line_1_12' title="bbox 231 1926 1322 2014; baseline -0.001 -24"><span class='ocrx_word' id='word_1_96' title='bbox 231 1928 389 2012; x_wconf 87' lang='lat' dir='ltr'><strong>perspicue</strong></span> <span class='ocrx_word' id='word_1_97' title='bbox 423 1930 503 1992; x_wconf 87' lang='lat' dir='ltr'><strong>iuter</strong></span> <span class='ocrx_word' id='word_1_98' title='bbox 537 1952 570 1993; x_wconf 89' lang='lat' dir='ltr'><strong>se</strong></span> <span class='ocrx_word' id='word_1_99' title='bbox 607 1938 806 2014; x_wconf 91' lang='lat' dir='ltr'><strong>opponuntur</strong></span> <span class='ocrx_word' id='word_1_100' title='bbox 841 1931 865 1993; x_wconf 82' lang='grc' dir='ltr'><strong>οθ</strong></span> <span class='ocrx_word' id='word_1_101' title='bbox 893 1931 1031 2011; x_wconf 85' lang='grc' dir='ltr'><strong><em>τοιοῦτοι,</em></strong></span> <span class='ocrx_word' id='word_1_102' title='bbox 1056 1928 1156 2014; x_wconf 86' lang='lat' dir='ltr'><strong>qualis</strong></span> <span class='ocrx_word' id='word_1_103' title='bbox 1179 1926 1322 1990; x_wconf 77' lang='lat' dir='ltr'><strong>Evander</strong></span> 
     </span>
     <span class='ocr_line' id='line_1_13' title="bbox 230 2039 1319 2127; baseline -0.001 -22"><span class='ocrx_word' id='word_1_104' title='bbox 230 2049 311 2118; x_wconf 91' lang='lat' dir='ltr'><strong>erat,</strong></span> <span class='ocrx_word' id='word_1_105' title='bbox 336 2049 367 2105; x_wconf 89' lang='lat' dir='ltr'><strong>et</strong></span> <span class='ocrx_word' id='word_1_106' title='bbox 389 2045 413 2107; x_wconf 80' lang='lat' dir='ltr'><strong>oi</strong></span> <span class='ocrx_word' id='word_1_107' title='bbox 436 2041 538 2116; x_wconf 81' lang='grc' dir='ltr'><strong><em>ύλλοι,</em></strong></span> <span class='ocrx_word' id='word_1_108' title='bbox 564 2045 636 2127; x_wconf 90' lang='lat' dir='ltr'><strong>qni,</strong></span> <span class='ocrx_word' id='word_1_109' title='bbox 662 2051 698 2108; x_wconf 87' lang='lat' dir='ltr'><strong>ut</strong></span> <span class='ocrx_word' id='word_1_110' title='bbox 713 2039 746 2106; x_wconf 91' lang='lat' dir='ltr'><strong>in</strong></span> <span class='ocrx_word' id='word_1_111' title='bbox 762 2044 779 2127; x_wconf 62' lang='lat' dir='ltr'><strong>t</strong></span> <span class='ocrx_word' id='word_1_112' title='bbox 798 2045 848 2120; x_wconf 74' lang='lat'><strong>17,</strong></span> <span class='ocrx_word' id='word_1_113' title='bbox 865 2039 941 2108; x_wconf 80' lang='grc' dir='ltr'><strong><em>οὗτοι</em></strong></span> <span class='ocrx_word' id='word_1_114' title='bbox 957 2041 1081 2106; x_wconf 85' lang='lat' dir='ltr'><strong>dicendi</strong></span> <span class='ocrx_word' id='word_1_115' title='bbox 1097 2049 1193 2106; x_wconf 87' lang='lat' dir='ltr'><strong>erant.</strong></span> <span class='ocrx_word' id='word_1_116' title='bbox 1228 2039 1319 2120; x_wconf 77' lang='lat' dir='ltr'><strong>Quae</strong></span> 
     </span>
     <span class='ocr_line' id='line_1_14' title="bbox 229 2153 1322 2240; baseline 0 -22"><span class='ocrx_word' id='word_1_117' title='bbox 229 2176 299 2219; x_wconf 93' lang='lat' dir='ltr'><strong>cum</strong></span> <span class='ocrx_word' id='word_1_118' title='bbox 330 2157 373 2218; x_wconf 89' lang='lat' dir='ltr'><strong>ita</strong></span> <span class='ocrx_word' id='word_1_119' title='bbox 403 2155 483 2232; x_wconf 83' lang='lat' dir='ltr'><strong>sint,</strong></span> <span class='ocrx_word' id='word_1_120' title='bbox 517 2176 578 2220; x_wconf 90' lang='lat' dir='ltr'><strong>non</strong></span> <span class='ocrx_word' id='word_1_121' title='bbox 614 2164 735 2220; x_wconf 85' lang='lat' dir='ltr'><strong>tantum</strong></span> <span class='ocrx_word' id='word_1_122' title='bbox 763 2166 834 2240; x_wconf 87' lang='lat' dir='ltr'><strong>post</strong></span> <span class='ocrx_word' id='word_1_123' title='bbox 856 2158 999 2227; x_wconf 86' lang='grc' dir='ltr'><strong><em>τοιούτους</em></strong></span> <span class='ocrx_word' id='word_1_124' title='bbox 1023 2153 1220 2218; x_wconf 86' lang='lat' dir='ltr'><strong>inserendum</strong></span> <span class='ocrx_word' id='word_1_125' title='bbox 1244 2153 1322 2218; x_wconf 92' lang='lat' dir='ltr'><strong>mihi</strong></span> 
     </span>
     <span class='ocr_line' id='line_1_15' title="bbox 229 2265 1383 2359; baseline -0.001 -29"><span class='ocrx_word' id='word_1_126' title='bbox 229 2267 350 2331; x_wconf 85' lang='lat' dir='ltr'><strong>videtur</strong></span> <span class='ocrx_word' id='word_1_127' title='bbox 371 2269 455 2346; x_wconf 81' lang='grc' dir='ltr'><strong><em>τούς,</em></strong></span> <span class='ocrx_word' id='word_1_128' title='bbox 480 2269 532 2332; x_wconf 87' lang='lat' dir='ltr'><strong>sed</strong></span> <span class='ocrx_word' id='word_1_129' title='bbox 557 2270 648 2333; x_wconf 89' lang='lat' dir='ltr'><strong>etiam</strong></span> <span class='ocrx_word' id='word_1_130' title='bbox 672 2271 791 2340; x_wconf 82' lang='grc' dir='ltr'><strong><em>τούτους</em></strong></span> <span class='ocrx_word' id='word_1_131' title='bbox 813 2277 885 2332; x_wconf 86' lang='lat' dir='ltr'><strong>ante</strong></span> <span class='ocrx_word' id='word_1_132' title='bbox 907 2269 974 2339; x_wconf 84' lang='grc' dir='ltr'><strong><em>τοὺς</em></strong></span> <span class='ocrx_word' id='word_1_133' title='bbox 998 2265 1126 2344; x_wconf 73' lang='grc' dir='ltr'><strong><em>ἄλλους,</em></strong></span> <span class='ocrx_word' id='word_1_134' title='bbox 1150 2267 1237 2331; x_wconf 84' lang='lat' dir='ltr'><strong>cuius</strong></span> <span class='ocrx_word' id='word_1_135' title='bbox 1253 2288 1321 2350; x_wconf 89' lang='lat' dir='ltr'><strong>pro·</strong></span> <span class='ocrx_word' id='word_1_136' title='bbox 1382 2355 1383 2359; x_wconf 6' lang='grc' dir='ltr'><strong>Ἰ</strong></span> 
     </span>
     <span class='ocr_line' id='line_1_16' title="bbox 229 2379 1322 2458; baseline 0 -15"><span class='ocrx_word' id='word_1_137' title='bbox 229 2381 360 2444; x_wconf 86' lang='lat' dir='ltr'><strong>nominis</strong></span> <span class='ocrx_word' id='word_1_138' title='bbox 391 2381 513 2444; x_wconf 71' lang='lat' dir='ltr'><strong>omissio</strong></span> <span class='ocrx_word' id='word_1_139' title='bbox 543 2399 651 2444; x_wconf 77' lang='lat' dir='ltr'><strong>caussa</strong></span> <span class='ocrx_word' id='word_1_140' title='bbox 682 2382 761 2458; x_wconf 83' lang='lat' dir='ltr'><strong>fuit,</strong></span> <span class='ocrx_word' id='word_1_141' title='bbox 796 2397 851 2444; x_wconf 88' lang='lat' dir='ltr'><strong>cur</strong></span> <span class='ocrx_word' id='word_1_142' title='bbox 883 2380 990 2444; x_wconf 85' lang='lat' dir='ltr'><strong>infelix</strong></span> <span class='ocrx_word' id='word_1_143' title='bbox 1024 2379 1102 2443; x_wconf 88' lang='lat' dir='ltr'><strong>illud</strong></span> <span class='ocrx_word' id='word_1_144' title='bbox 1125 2381 1191 2452; x_wconf 78' lang='grc' dir='ltr'><strong><em>τοὺς</em></strong></span> <span class='ocrx_word' id='word_1_145' title='bbox 1215 2393 1322 2453; x_wconf 80' lang='grc' dir='ltr'><strong><em>συλλη-</em></strong></span> 
     </span>
     <span class='ocr_line' id='line_1_17' title="bbox 229 2492 1322 2580; baseline -0.001 -23"><span class='ocrx_word' id='word_1_146' title='bbox 229 2493 412 2574; x_wconf 71' lang='grc' dir='ltr'><strong><em>φθένταςοι</em></strong></span> <span class='ocrx_word' id='word_1_147' title='bbox 436 2495 644 2580; x_wconf 89' lang='lat' dir='ltr'><strong>superioribus</strong></span> <span class='ocrx_word' id='word_1_148' title='bbox 667 2495 885 2579; x_wconf 88' lang='lat' dir='ltr'><strong>interpolatum</strong></span> <span class='ocrx_word' id='word_1_149' title='bbox 911 2495 961 2560; x_wconf 88' lang='lat' dir='ltr'><strong>sit.</strong></span> <span class='ocrx_word' id='word_1_150' title='bbox 996 2492 1120 2578; x_wconf 81' lang='lat' dir='ltr'><strong>Lysiam</strong></span> <span class='ocrx_word' id='word_1_151' title='bbox 1145 2493 1225 2557; x_wconf 87' lang='lat' dir='ltr'><strong>enim</strong></span> <span class='ocrx_word' id='word_1_152' title='bbox 1250 2493 1322 2556; x_wconf 84' lang='lat' dir='ltr'><strong>scri-</strong></span> 
     </span>
     <span class='ocr_line' id='line_1_18' title="bbox 230 2607 1320 2692; baseline 0 -22"><span class='ocrx_word' id='word_1_153' title='bbox 230 2609 325 2692; x_wconf 85' lang='lat' dir='ltr'><strong>psisse</strong></span> <span class='ocrx_word' id='word_1_154' title='bbox 359 2607 467 2672; x_wconf 87' lang='lat' dir='ltr'><strong>credo:</strong></span> <span class='ocrx_word' id='word_1_155' title='bbox 502 2609 551 2674; x_wconf 78' lang='grc' dir='ltr'><strong>καὶ</strong></span> <span class='ocrx_word' id='word_1_156' title='bbox 587 2609 731 2688; x_wconf 82' lang='grc' dir='ltr'><strong><em>ήγούνταέ</em></strong></span> <span class='ocrx_word' id='word_1_157' title='bbox 764 2632 801 2685; x_wconf 93' lang='grc' dir='ltr'><strong>γε</strong></span> <span class='ocrx_word' id='word_1_158' title='bbox 836 2609 882 2673; x_wconf 75' lang='grc' dir='ltr'><strong>δια</strong></span> <span class='ocrx_word' id='word_1_159' title='bbox 905 2608 959 2684; x_wconf 81' lang='grc' dir='ltr'><strong>μὲν</strong></span> <span class='ocrx_word' id='word_1_160' title='bbox 982 2609 1048 2680; x_wconf 85' lang='grc' dir='ltr'><strong><em>τοὺς</em></strong></span> <span class='ocrx_word' id='word_1_161' title='bbox 1077 2607 1217 2678; x_wconf 87' lang='grc' dir='ltr'><strong><em>τοιούτους</em></strong></span> <span class='ocrx_word' id='word_1_162' title='bbox 1240 2607 1320 2678; x_wconf 83' lang='grc' dir='ltr'><strong><em>τοὺς</em></strong></span> 
     </span>
     <span class='ocr_line' id='line_1_19' title="bbox 229 2718 1316 2804; baseline -0.002 -18"><span class='ocrx_word' id='word_1_163' title='bbox 229 2722 451 2804; x_wconf 71' lang='grc' dir='ltr'><strong><em>συλληφθέντας</em></strong></span> <span class='ocrx_word' id='word_1_164' title='bbox 473 2723 542 2787; x_wconf 79' lang='grc' dir='ltr'><strong><em>τότε</em></strong></span> <span class='ocrx_word' id='word_1_165' title='bbox 564 2724 732 2800; x_wconf 80' lang='grc' dir='ltr'><strong><em>ύποθανεῖν,</em></strong></span> <span class='ocrx_word' id='word_1_166' title='bbox 757 2724 804 2788; x_wconf 73' lang='lat' dir='ltr'><strong>na</strong></span> <span class='ocrx_word' id='word_1_167' title='bbox 828 2722 857 2786; x_wconf 78' lang='grc' dir='ltr'><strong>θὲ</strong></span> <span class='ocrx_word' id='word_1_168' title='bbox 872 2721 1020 2793; x_wconf 78' lang='grc' dir='ltr'><strong><em>τούτους</em></strong></span> <span class='ocrx_word' id='word_1_169' title='bbox 1036 2721 1102 2792; x_wconf 84' lang='grc' dir='ltr'><strong><em>τοὺς</em></strong></span> <span class='ocrx_word' id='word_1_170' title='bbox 1118 2718 1226 2792; x_wconf 70' lang='grc' dir='ltr'><strong><em>ἄλλους</em></strong></span> <span class='ocrx_word' id='word_1_171' title='bbox 1243 2720 1275 2803; x_wconf 85' lang='lat' dir='ltr'><strong>(i.</strong></span> <span class='ocrx_word' id='word_1_172' title='bbox 1289 2739 1316 2784; x_wconf 91' lang='lat' dir='ltr'><strong>e.</strong></span> 
     </span>
     <span class='ocr_line' id='line_1_20' title="bbox 230 2836 1224 2920; baseline -0.001 -21"><span class='ocrx_word' id='word_1_173' title='bbox 230 2857 297 2913; x_wconf 87' lang='lat' dir='ltr'><strong>ecs,</strong></span> <span class='ocrx_word' id='word_1_174' title='bbox 323 2838 377 2920; x_wconf 94' lang='lat' dir='ltr'><strong>qui</strong></span> <span class='ocrx_word' id='word_1_175' title='bbox 400 2845 506 2920; x_wconf 89' lang='lat' dir='ltr'><strong>postca</strong></span> <span class='ocrx_word' id='word_1_176' title='bbox 528 2838 561 2900; x_wconf 90' lang='lat' dir='ltr'><strong>iu</strong></span> <span class='ocrx_word' id='word_1_177' title='bbox 585 2837 726 2901; x_wconf 81' lang='lat' dir='ltr'><strong>Piraeum</strong></span> <span class='ocrx_word' id='word_1_178' title='bbox 751 2857 816 2900; x_wconf 87' lang='lat' dir='ltr'><strong>sese</strong></span> <span class='ocrx_word' id='word_1_179' title='bbox 840 2836 1049 2919; x_wconf 88' lang='lat' dir='ltr'><strong>contulerunt)</strong></span> <span class='ocrx_word' id='word_1_180' title='bbox 1072 2837 1224 2917; x_wconf 82' lang='grc' dir='ltr'><strong><em>ἐκφυγεῖν.</em></strong></span> 
     </span>
     <span class='ocr_line' id='line_1_21' title="bbox 273 2944 1319 3032; baseline 0.001 -20"><span class='ocrx_word' id='word_1_181' title='bbox 273 2950 365 3032; x_wconf 66' lang='lat' dir='ltr'><strong>§dh</strong></span> <span class='ocrx_word' id='word_1_182' title='bbox 414 2951 565 3029; x_wconf 76' lang='grc' dir='ltr'><strong><em>’Τμέτερον</em></strong></span> <span class='ocrx_word' id='word_1_183' title='bbox 600 2951 633 3023; x_wconf 74' lang='grc' dir='ltr'><strong>θη</strong></span> <span class='ocrx_word' id='word_1_184' title='bbox 664 2949 744 3030; x_wconf 80' lang='grc' dir='ltr'><strong><em>ἔργον</em></strong></span> <span class='ocrx_word' id='word_1_185' title='bbox 771 2949 866 3031; x_wconf 85' lang='grc' dir='ltr'><strong><em>ε’στθν,</em></strong></span> <span class='ocrx_word' id='word_1_186' title='bbox 891 2944 912 3012; x_wconf 79' lang='grc' dir='ltr'><em>ὦ</em></span> <span class='ocrx_word' id='word_1_187' title='bbox 934 2950 1033 3030; x_wconf 73' lang='grc' dir='ltr'><strong><em>ἄνδρες</em></strong></span> <span class='ocrx_word' id='word_1_188' title='bbox 1054 2949 1231 3026; x_wconf 72' lang='grc' dir='ltr'><strong><em>βουλευταί,</em></strong></span> <span class='ocrx_word' id='word_1_189' title='bbox 1256 2948 1319 3013; x_wconf 85' lang='grc' dir='ltr'><strong><em>σινέ-</em></strong></span> 
     </span>
    </p>
   </div>
   <div class='ocr_carea' id='block_1_5' title="bbox 228 3062 1416 3143">
    <p class='ocr_par' dir='ltr' id='par_1_5' title="bbox 228 3062 1416 3143">
     <span class='ocr_line' id='line_1_22' title="bbox 228 3062 1416 3143; baseline 0.002 -18"><span class='ocrx_word' id='word_1_190' title='bbox 228 3064 341 3140; x_wconf 78' lang='grc' dir='ltr'><strong><em>ψασθαι</em></strong></span> <span class='ocrx_word' id='word_1_191' title='bbox 364 3063 472 3142; x_wconf 78' lang='grc' dir='ltr'><strong><em>ποτέρῳ</em></strong></span> <span class='ocrx_word' id='word_1_192' title='bbox 494 3063 531 3127; x_wconf 69' lang='grc' dir='ltr'><strong>έν</strong></span> <span class='ocrx_word' id='word_1_193' title='bbox 554 3063 697 3139; x_wconf 75' lang='grc' dir='ltr'><strong><em>τνθέμενοι</em></strong></span> <span class='ocrx_word' id='word_1_194' title='bbox 720 3062 783 3143; x_wconf 75' lang='grc' dir='ltr'><strong><em>περὶ</em></strong></span> <span class='ocrx_word' id='word_1_195' title='bbox 807 3070 860 3137; x_wconf 85' lang='grc' dir='ltr'><strong>τής</strong></span> <span class='ocrx_word' id='word_1_196' title='bbox 883 3063 1055 3139; x_wconf 71' lang='grc' dir='ltr'><strong><em>δοκιμασίας</em></strong></span> <span class='ocrx_word' id='word_1_197' title='bbox 1076 3063 1188 3136; x_wconf 82' lang='grc' dir='ltr'><strong><em>ταύτης</em></strong></span> <span class='ocrx_word' id='word_1_198' title='bbox 1203 3063 1318 3140; x_wconf 71' lang='grc' dir='ltr'><strong><em>ἄμεινον</em></strong></span> <span class='ocrx_word' id='word_1_199' title='bbox 1413 3109 1416 3118; x_wconf 61' lang='grc'><strong>«</strong></span> 
     </span>
    </p>
   </div>
   <div class='ocr_carea' id='block_1_6' title="bbox 227 3171 1321 4377">
    <p class='ocr_par' dir='ltr' id='par_1_6' title="bbox 227 3171 1317 3257">
     <span class='ocr_line' id='line_1_23' title="bbox 227 3171 1317 3257; baseline -0.002 -17"><span class='ocrx_word' id='word_1_200' title='bbox 227 3175 454 3252; x_wconf 75' lang='grc' dir='ltr'><strong><em>βουλεύσαισθε,</em></strong></span> <span class='ocrx_word' id='word_1_201' title='bbox 472 3176 588 3256; x_wconf 81' lang='grc' dir='ltr'><strong><em>τθτερον</em></strong></span> <span class='ocrx_word' id='word_1_202' title='bbox 605 3176 666 3251; x_wconf 78' lang='grc' dir='ltr'><strong>ἐμοὶ</strong></span> <span class='ocrx_word' id='word_1_203' title='bbox 685 3176 931 3256; x_wconf 75' lang='grc' dir='ltr'><strong><em>ήΘοασνβούλς,</em></strong></span> <span class='ocrx_word' id='word_1_204' title='bbox 953 3171 982 3248; x_wconf 65' lang='lat' dir='ltr'><strong>tr</strong></span> <span class='ocrx_word' id='word_1_205' title='bbox 995 3177 1075 3257; x_wconf 78' lang='grc' dir='ltr'><strong><em>αύτῷ</em></strong></span> <span class='ocrx_word' id='word_1_206' title='bbox 1086 3177 1317 3252; x_wconf 76' lang='grc' dir='ltr'><strong><em>ἀπολογήσεται.</em></strong></span> 
     </span>
    </p>

    <p class='ocr_par' dir='ltr' id='par_1_7' title="bbox 229 3287 1321 4377">
     <span class='ocr_line' id='line_1_24' title="bbox 275 3287 1320 3374; baseline 0.002 -24"><span class='ocrx_word' id='word_1_207' title='bbox 275 3287 373 3351; x_wconf 84' lang='lat' dir='ltr'>Miror</span> <span class='ocrx_word' id='word_1_208' title='bbox 394 3289 603 3365; x_wconf 79' lang='grc' dir='ltr'><strong><em>ύτολογεῑσθαι</em></strong></span> <span class='ocrx_word' id='word_1_209' title='bbox 628 3309 697 3352; x_wconf 88' lang='lat' dir='ltr'><strong>cum</strong></span> <span class='ocrx_word' id='word_1_210' title='bbox 713 3288 837 3372; x_wconf 86' lang='lat' dir='ltr'><strong>dativo,</strong></span> <span class='ocrx_word' id='word_1_211' title='bbox 858 3305 950 3371; x_wconf 88' lang='lat' dir='ltr'><strong>quam</strong></span> <span class='ocrx_word' id='word_1_212' title='bbox 967 3287 1225 3353; x_wconf 79' lang='lat' dir='ltr'>constructionem</span> <span class='ocrx_word' id='word_1_213' title='bbox 1237 3289 1320 3374; x_wconf 86' lang='lat' dir='ltr'><strong>apud</strong></span> 
     </span>
     <span class='ocr_line' id='line_1_25' title="bbox 233 3401 1321 3487; baseline 0 -22"><span class='ocrx_word' id='word_1_214' title='bbox 233 3401 356 3465; x_wconf 89' lang='lat' dir='ltr'><strong>nulium</strong></span> <span class='ocrx_word' id='word_1_215' title='bbox 379 3402 508 3487; x_wconf 89' lang='lat' dir='ltr'><strong>probum</strong></span> <span class='ocrx_word' id='word_1_216' title='bbox 533 3411 687 3467; x_wconf 73' lang='lat' dir='ltr'><strong>auctorem</strong></span> <span class='ocrx_word' id='word_1_217' title='bbox 712 3401 895 3466; x_wconf 77' lang='lat' dir='ltr'><strong>Graecitatis</strong></span> <span class='ocrx_word' id='word_1_218' title='bbox 918 3403 1073 3482; x_wconf 83' lang='lat' dir='ltr'><strong>invenias,</strong></span> <span class='ocrx_word' id='word_1_219' title='bbox 1096 3402 1213 3467; x_wconf 90' lang='lat' dir='ltr'><strong>nemini</strong></span> <span class='ocrx_word' id='word_1_220' title='bbox 1228 3401 1321 3466; x_wconf 87' lang='lat' dir='ltr'><strong>offen-</strong></span> 
     </span>
     <span class='ocr_line' id='line_1_26' title="bbox 231 3513 1321 3602; baseline 0.003 -25"><span class='ocrx_word' id='word_1_221' title='bbox 231 3515 311 3578; x_wconf 87' lang='lat' dir='ltr'><strong>sioni</strong></span> <span class='ocrx_word' id='word_1_222' title='bbox 342 3515 445 3580; x_wconf 81' lang='lat' dir='ltr'><strong>inisse.</strong></span> <span class='ocrx_word' id='word_1_223' title='bbox 492 3513 564 3582; x_wconf 88' lang='lat' dir='ltr'><strong>Nou</strong></span> <span class='ocrx_word' id='word_1_224' title='bbox 592 3517 658 3581; x_wconf 90' lang='lat' dir='ltr'><strong>sine</strong></span> <span class='ocrx_word' id='word_1_225' title='bbox 680 3516 790 3580; x_wconf 86' lang='lat' dir='ltr'><strong>idonea</strong></span> <span class='ocrx_word' id='word_1_226' title='bbox 813 3535 905 3581; x_wconf 85' lang='lat' dir='ltr'><strong>causa</strong></span> <span class='ocrx_word' id='word_1_227' title='bbox 928 3515 1001 3580; x_wconf 87' lang='lat' dir='ltr'><strong>hinc</strong></span> <span class='ocrx_word' id='word_1_228' title='bbox 1023 3524 1238 3602; x_wconf 79' lang='lat' dir='ltr'><strong>argumentum</strong></span> <span class='ocrx_word' id='word_1_229' title='bbox 1261 3523 1321 3580; x_wconf 87' lang='lat' dir='ltr'><strong>tra·</strong></span> 
     </span>
     <span class='ocr_line' id='line_1_27' title="bbox 229 3627 1320 3711; baseline 0.001 -19"><span class='ocrx_word' id='word_1_230' title='bbox 229 3629 325 3706; x_wconf 80' lang='lat' dir='ltr'><strong>reris,</strong></span> <span class='ocrx_word' id='word_1_231' title='bbox 360 3630 451 3694; x_wconf 82' lang='lat' dir='ltr'><strong>verba</strong></span> <span class='ocrx_word' id='word_1_232' title='bbox 480 3627 510 3702; x_wconf 81' lang='grc' dir='ltr'><strong><em>ὃς</em></strong></span> <span class='ocrx_word' id='word_1_233' title='bbox 541 3634 621 3711; x_wconf 84' lang='grc' dir='ltr'><strong><em>αύτῷ</em></strong></span> <span class='ocrx_word' id='word_1_234' title='bbox 651 3632 873 3709; x_wconf 68' lang='grc' dir='ltr'><strong><em>ἀπολογήσεται</em></strong></span> <span class='ocrx_word' id='word_1_235' title='bbox 905 3630 943 3695; x_wconf 86' lang='lat' dir='ltr'><strong>ab</strong></span> <span class='ocrx_word' id='word_1_236' title='bbox 975 3630 1074 3695; x_wconf 89' lang='lat' dir='ltr'><strong>aliena</strong></span> <span class='ocrx_word' id='word_1_237' title='bbox 1096 3650 1191 3696; x_wconf 81' lang='lat' dir='ltr'><strong>manu</strong></span> <span class='ocrx_word' id='word_1_238' title='bbox 1214 3629 1320 3694; x_wconf 84' lang='lat' dir='ltr'><strong>addita</strong></span> 
     </span>
     <span class='ocr_line' id='line_1_28' title="bbox 231 3743 1318 3830; baseline 0.002 -25"><span class='ocrx_word' id='word_1_239' title='bbox 231 3763 313 3819; x_wconf 86' lang='lat' dir='ltr'><strong>esse,</strong></span> <span class='ocrx_word' id='word_1_240' title='bbox 349 3745 525 3826; x_wconf 89' lang='lat' dir='ltr'><strong>praesertim</strong></span> <span class='ocrx_word' id='word_1_241' title='bbox 560 3763 629 3808; x_wconf 91' lang='lat' dir='ltr'><strong>cum</strong></span> <span class='ocrx_word' id='word_1_242' title='bbox 659 3753 760 3809; x_wconf 85' lang='lat' dir='ltr'><strong>orator</strong></span> <span class='ocrx_word' id='word_1_243' title='bbox 783 3766 876 3830; x_wconf 88' lang='lat' dir='ltr'><strong>supra</strong></span> <span class='ocrx_word' id='word_1_244' title='bbox 902 3745 963 3808; x_wconf 86' lang='lat' dir='ltr'><strong>iam</strong></span> <span class='ocrx_word' id='word_1_245' title='bbox 986 3745 1060 3809; x_wconf 86' lang='lat' dir='ltr'><strong>satie</strong></span> <span class='ocrx_word' id='word_1_246' title='bbox 1084 3743 1318 3829; x_wconf 81' lang='lat' dir='ltr'><strong>significaverit,</strong></span> 
     </span>
     <span class='ocr_line' id='line_1_29' title="bbox 230 3855 1320 3942; baseline 0.006 -24"><span class='ocrx_word' id='word_1_247' title='bbox 230 3855 458 3940; x_wconf 79' lang='lat' dir='ltr'><strong>Thrasybulum</strong></span> <span class='ocrx_word' id='word_1_248' title='bbox 489 3880 544 3942; x_wconf 88' lang='lat' dir='ltr'><strong>pro</strong></span> <span class='ocrx_word' id='word_1_249' title='bbox 576 3856 721 3923; x_wconf 77' lang='lat' dir='ltr'><strong>Evandro</strong></span> <span class='ocrx_word' id='word_1_250' title='bbox 756 3858 847 3923; x_wconf 84' lang='lat' dir='ltr'><strong>verba</strong></span> <span class='ocrx_word' id='word_1_251' title='bbox 878 3859 1041 3923; x_wconf 82' lang='lat' dir='ltr'><strong>iacturum.</strong></span> <span class='ocrx_word' id='word_1_252' title='bbox 1088 3859 1320 3924; x_wconf 87' lang='lat' dir='ltr'><strong>Potesttamen</strong></span> 
     </span>
     <span class='ocr_line' id='line_1_30' title="bbox 229 3970 1319 4058; baseline 0.005 -26"><span class='ocrx_word' id='word_1_253' title='bbox 229 3970 312 4047; x_wconf 89' lang='lat' dir='ltr'><strong>fieri,</strong></span> <span class='ocrx_word' id='word_1_254' title='bbox 347 3981 383 4035; x_wconf 91' lang='lat' dir='ltr'><strong>ut</strong></span> <span class='ocrx_word' id='word_1_255' title='bbox 418 3971 509 4036; x_wconf 88' lang='lat' dir='ltr'><strong>verba</strong></span> <span class='ocrx_word' id='word_1_256' title='bbox 543 3973 605 4035; x_wconf 90' lang='lat' dir='ltr'><strong>sint</strong></span> <span class='ocrx_word' id='word_1_257' title='bbox 639 3981 800 4057; x_wconf 86' lang='lat' dir='ltr'><strong>corrupta,</strong></span> <span class='ocrx_word' id='word_1_258' title='bbox 836 3994 899 4037; x_wconf 90' lang='lat' dir='ltr'><strong>nou</strong></span> <span class='ocrx_word' id='word_1_259' title='bbox 923 3973 1073 4052; x_wconf 87' lang='lat' dir='ltr'><strong>insiticia,</strong></span> <span class='ocrx_word' id='word_1_260' title='bbox 1098 3983 1127 4037; x_wconf 90' lang='lat' dir='ltr'><strong>et</strong></span> <span class='ocrx_word' id='word_1_261' title='bbox 1152 3981 1187 4038; x_wconf 90' lang='lat' dir='ltr'><strong>ut</strong></span> <span class='ocrx_word' id='word_1_262' title='bbox 1210 3973 1319 4058; x_wconf 76' lang='lat' dir='ltr'><strong>Lycius</strong></span> 
     </span>
     <span class='ocr_line' id='line_1_31' title="bbox 230 4082 1321 4172; baseline 0.005 -26"><span class='ocrx_word' id='word_1_263' title='bbox 230 4085 401 4168; x_wconf 84' lang='lat' dir='ltr'><strong>scripserit:</strong></span> <span class='ocrx_word' id='word_1_264' title='bbox 424 4082 454 4158; x_wconf 80' lang='grc' dir='ltr'><strong><em>ὃς</em></strong></span> <span class='ocrx_word' id='word_1_265' title='bbox 478 4088 557 4168; x_wconf 79' lang='grc' dir='ltr'><strong><em>αύτῷ</em></strong></span> <span class='ocrx_word' id='word_1_266' title='bbox 580 4087 765 4164; x_wconf 69' lang='grc' dir='ltr'><strong><em>ἀναβήσεται</em></strong></span> <span class='ocrx_word' id='word_1_267' title='bbox 774 4137 783 4170; x_wconf 84' lang='grc'>,</span> <span class='ocrx_word' id='word_1_268' title='bbox 809 4087 926 4152; x_wconf 89' lang='lat' dir='ltr'><strong>librarii</strong></span> <span class='ocrx_word' id='word_1_269' title='bbox 942 4095 1044 4153; x_wconf 86' lang='lat' dir='ltr'><strong>autem</strong></span> <span class='ocrx_word' id='word_1_270' title='bbox 1060 4087 1098 4152; x_wconf 90' lang='lat' dir='ltr'><strong>de</strong></span> <span class='ocrx_word' id='word_1_271' title='bbox 1115 4105 1198 4152; x_wconf 86' lang='lat' dir='ltr'><strong>more</strong></span> <span class='ocrx_word' id='word_1_272' title='bbox 1214 4110 1321 4172; x_wconf 87' lang='lat' dir='ltr'><strong>supra·</strong></span> 
     </span>
     <span class='ocr_line' id='line_1_32' title="bbox 231 4199 1320 4286; baseline 0.004 -26"><span class='ocrx_word' id='word_1_273' title='bbox 231 4199 376 4283; x_wconf 87' lang='lat' dir='ltr'><strong>scriptam</strong></span> <span class='ocrx_word' id='word_1_274' title='bbox 411 4200 697 4265; x_wconf 85' lang='lat' dir='ltr'><strong>annotatiunculam</strong></span> <span class='ocrx_word' id='word_1_275' title='bbox 732 4219 788 4285; x_wconf 87' lang='lat' dir='ltr'><strong>pro</strong></span> <span class='ocrx_word' id='word_1_276' title='bbox 823 4201 972 4266; x_wconf 84' lang='lat' dir='ltr'><strong>vocabulo</strong></span> <span class='ocrx_word' id='word_1_277' title='bbox 1007 4222 1024 4265; x_wconf 84' lang='lat' dir='ltr'><strong>a</strong></span> <span class='ocrx_word' id='word_1_278' title='bbox 1058 4200 1150 4286; x_wconf 81' lang='lat' dir='ltr'><strong>Lysia</strong></span> <span class='ocrx_word' id='word_1_279' title='bbox 1184 4202 1320 4286; x_wconf 89' lang='lat' dir='ltr'><strong>profecto</strong></span> 
     </span>
     <span class='ocr_line' id='line_1_33' title="bbox 232 4310 436 4377; baseline 0.015 -3"><span class='ocrx_word' id='word_1_280' title='bbox 232 4310 436 4377; x_wconf 85' lang='lat' dir='ltr'><strong>subdiderint.</strong></span> 
     </span>
    </p>
   </div>
   <div class='ocr_carea' id='block_1_7' title="bbox 0 0 1686 5502">
    <p class='ocr_par' dir='ltr' id='par_1_8' title="bbox 0 0 1686 5502">
     <span class='ocr_line' id='line_1_34' title="bbox 0 0 1686 5502; baseline 0 0"><span class='ocrx_word' id='word_1_281' title='bbox 0 0 1686 5502; x_wconf 95' lang='lat' dir='ltr'><strong> </strong></span> 
     </span>
    </p>
   </div>
  </div>
 </body>
</html>
