3364 5502
368 615 407 677 70
601 695 604 700 ,
812 632 1011 677 sensuum.

408 812 458 875 Fr.
484 813 543 887 53,
570 812 587 894 θ
610 812 640 872 3.
687 815 785 874 τοῦτον
806 809 836 874 δὲ
859 810 1024 894 (Giuesiarn
1048 812 1125 897 scii.)
1148 812 1198 877 τὸν
1224 813 1280 876 ὑπὸ
1302 813 1451 875 πλείστων

363 924 594 1002 γιγνωσκόμενον
624 925 649 986 οἱ
679 922 733 986 θεοὶ
768 921 839 988 οὕτω
870 924 1014 1003 διέθεσαν,
1038 923 1112 990 ὥστε
1134 927 1201 997 τοὺς
1223 926 1340 1006 ἐχθρούς
1363 923 1451 989 αὐτὸν

362 1039 519 1117 βούλεσθαι
549 1036 598 1118 ζῆν
621 1041 737 1112 μάλλον
760 1037 777 1112 ἢ
799 1038 950 1114 τεθνάναι,
975 1037 1167 1118 παράδειγμα
1189 1046 1249 1110 τοῖς
1274 1037 1393 1127 άλλοις,
1416 1034 1449 1101 ii'

361 1149 457 1216 ἴδωσιν
484 1151 539 1234 (sic
569 1149 650 1233 libri)
679 1149 721 1214 ύτι
741 1157 801 1222 τοῖς
822 1151 890 1216 λίαν
913 1152 1082 1229 ὑβριστικῶς
1105 1152 1173 1232 πρὸς
1196 1152 1237 1216 τά
1258 1153 1321 1215 θεῖα
1344 1152 1447 1214 διακει-

361 1263 454 1343 μένοις
477 1266 527 1329 ούκ
549 1264 587 1335 εἷς
610 1263 676 1335 τοὺς
700 1242 810 1335 παῖδας
833 1265 1018 1328 άποπύθενται
1040 1266 1097 1336 τάς
1119 1265 1275 1345 τιμωρίας,
1300 1266 1372 1327 άλλ’
1390 1265 1443 1326 αθ·

361 1379 427 1449 τοὺς
450 1384 544 1449 κακῶς
567 1377 754 1450 ἀπολλύασι,
778 1375 890 1456 μεθζονς
914 1378 962 1442 καὶ
985 1378 1200 1458 χαλεπωτέρας
1218 1379 1275 1445 πάι
1292 1375 1445 1457 συμφοράς

360 1493 410 1556 καὶ
432 1491 488 1562 τάς
513 1489 605 1561 νάπους
628 1489 645 1564 ἢ
668 1496 727 1560 τοῖς
751 1488 853 1561 άλλοις
875 1491 1026 1570 άνθρύποις
1051 1489 1297 1571 προσβάλλοντες.

405 1603 481 1668 Dele
515 1600 547 1667 ἵν’
579 1601 673 1667 ἴδωσιν
703 1602 767 1678 vel,
801 1608 837 1665 ut
860 1602 912 1666 elii
935 1604 1092 1680 scribunt,
1117 1601 1149 1667 θ’
1174 1604 1298 1679 εἰδῶσιν,
1323 1610 1447 1666 etcum

360 1716 517 1782 codicibus
544 1737 656 1800 repone
678 1716 730 1779 καί
751 1723 821 1780 ante
843 1717 899 1786 τάς
923 1716 1076 1798 συμφοράς
1100 1718 1165 1780 sine
1188 1738 1295 1780 caussa
1318 1716 1355 1781 ub
1380 1715 1441 1780 edi·

360 1830 478 1895 toribus
503 1830 643 1893 eiectum.

404 1942 454 2006 Fr.
480 1945 532 2007 62.
579 1940 735 2021 Ἐβιάζεπθ
763 1964 798 2005 τε
827 1942 887 2021 γάρ
917 1943 965 2006 καὶ
996 1938 1050 2015 οἷος
1078 1938 1110 2014 ἦν
1134 1942 1253 2022 ἐξευρεῖν
1276 1944 1327 2016 τὴν
1349 1943 1443 2023 θύραν.

360 2057 466 2120 Malim
490 2054 666 2134 ἕξοιράττειν.
713 2054 860 2119 Confusio
883 2055 1068 2140 diphthongi
1088 2081 1119 2121 ευ
1140 2078 1210 2120 cum
1226 2081 1247 2120 α
1262 2057 1340 2121 labis
1356 2057 1441 2140 origo
1487 2128 1488 2131 Ἴ

359 2171 434 2246 ruit,
467 2191 558 2253 quem
589 2167 704 2232 librarii
732 2177 883 2233 auxerunt
907 2169 997 2232 verbo
1021 2170 1095 2233 trito
1118 2192 1173 2254 pro
1197 2171 1310 2234 rariore
1334 2170 1445 2234 substi-

360 2282 487 2348 tuendo.

403 2395 454 2460 Fr.
481 2399 539 2472 78,
564 2398 581 2479 ᾧ
605 2397 635 2458 3.
682 2395 766 2462 Ἐπεὶ
791 2395 815 2458 δ’
836 2392 882 2459 οὖν
905 2392 979 2460 οὗτοι
1002 2403 1069 2466 ταῖς
1093 2399 1199 2467 αὐταῖς
1222 2397 1333 2477 τύχαις
1357 2397 1445 2475 ἐχρά-

358 2533 445 2574 σαντο
468 2507 518 2572 καὶ
541 2508 676 2590 φυγάδες
700 2506 838 2587 Ἀθήναζε
860 2509 1019 2586 άφίκουτο,
1043 2509 1201 2586 ἡγούμενος
1224 2511 1276 2584 τὴν
1298 2509 1443 2585 μεγίστην

358 2626 456 2693 οιύποῖς
486 2623 612 2704 ὀφείλειν
642 2621 747 2701 χάριν,
773 2617 860 2690 οὕτως
884 2621 988 2692 οἷιεύως
1012 2622 1118 2693 αὐτοὺς
1141 2620 1345 2698 ὑπεδεξάμην,
1371 2619 1444 2685 θέστε

358 2734 467 2812 μηδένα
501 2739 606 2811 γνῶναι
636 2739 691 2797 τῶν
721 2732 878 2808 εἰσιόντων,
910 2735 933 2797 εἰ
964 2735 1007 2810 μή
1037 2758 1081 2805 τις
1112 2734 1242 2814 πρότερον
1276 2735 1441 2815 ἠπθστοοπο,

358 2849 489 2928 θπύπερος
513 2851 592 2923 ἡμῶν
616 2845 751 2920 ἐκέκτητο
775 2848 827 2920 την
849 2846 957 2912 οὐσίαν.

403 2961 442 3025 Iu
477 2961 613 3024 cretione
647 2968 729 3023 rectu
763 2959 946 3023 scriberetur
979 2960 1066 3031 οὐδεὶς
1100 2959 1137 3024 θον
1167 2960 1259 3038 έγνω,
1284 2961 1307 3024 εἰ
1331 2961 1441 3038 μήτις

360 3077 522 3151 tutorum
547 3083 733 3158 quapropter
756 3072 969 3157 corrigendum
993 3094 1101 3136 censeo
1124 3073 1222 3149 μηδέν’
1237 3072 1283 3137 θον.
1313 3074 1443 3158 Scriptio

336 3196 471 3275 ’μηδένα
492 3197 623 3262 librariis
648 3194 750 3259 fraudi
774 3194 843 3259 fuit.

405 3310 455 3374 Pr.
488 3313 540 3374 83.
586 3307 747 3389 Ἐξοιίφυης
777 3313 828 3372 τού
859 3309 1127 3380 συνακολουθοῦντος
1157 3311 1265 3374 οἰκέτου
1295 3311 1370 3374 λθθον
1400 3334 1443 3382 τις

361 3424 463 3501 λαβὼν
485 3422 598 3503 ἔκρουσε
620 3421 669 3486 τὸν
691 3427 868 3501 λυχνοῦχον.

407 3538 514 3603 Malim
546 3535 709 3614 ἐξέκρουσε,
742 3535 763 3598 i.
789 3557 815 3598 e.
840 3556 925 3598 servo
949 3535 1112 3600 laternurio
1135 3537 1246 3620 lapidis
1270 3537 1333 3601 ictu
1358 3536 1446 3599 later·

361 3676 431 3718 nem
462 3652 603 3716 menibus
634 3649 784 3714 excussit:
809 3648 846 3711 de
870 3669 931 3731 que
955 3648 1176 3732 significatione
1199 3649 1284 3714 verbi
1306 3651 1444 3731 ἐκκρούειν

362 3767 432 3832 vide
456 3765 665 3850 Antiphonem
689 3761 771 3846 apud
794 3761 908 3826 Athen.
936 3763 972 3840 l,
996 3784 1026 3845 p.
1054 3765 1111 3840 14,
1135 3763 1156 3826 f.
