<?xml version="1.0" encoding="UTF-8"?>
<!DOCTYPE html PUBLIC "-//W3C//DTD XHTML 1.0 Transitional//EN"
    "http://www.w3.org/TR/xhtml1/DTD/xhtml1-transitional.dtd">
<html xmlns="http://www.w3.org/1999/xhtml" xml:lang="en" lang="en">
 <head>
  <title>
</title>
<meta http-equiv="Content-Type" content="text/html;charset=utf-8" />
  <meta name='ocr-system' content='tesseract 3.04.00' />
  <meta name='ocr-capabilities' content='ocr_page ocr_carea ocr_par ocr_line ocrx_word'/>
</head>
<body>
  <div class='ocr_page' id='page_1' title='image "./lectioneslysica00halbgoog_0016.png"; bbox 0 0 3364 5502; ppageno 0'>
   <div class='ocr_carea' id='block_1_1' title="bbox 328 1791 1191 1984">
    <p class='ocr_par' dir='ltr' id='par_1_1' title="bbox 328 1791 1191 1984">
     <span class='ocr_line' id='line_1_1' title="bbox 328 1791 1191 1875; baseline 0 -19"><span class='ocrx_word' id='word_1_1' title='bbox 328 1793 479 1870; x_wconf 75' lang='lat' dir='ltr'><strong>Ouarro</strong></span> <span class='ocrx_word' id='word_1_2' title='bbox 501 1792 528 1857; x_wconf 93' lang='lat' dir='ltr'><strong>I.</strong></span> <span class='ocrx_word' id='word_1_3' title='bbox 574 1793 676 1872; x_wconf 74' lang='grc' dir='ltr'><strong><em>Ὑπὲρ</em></strong></span> <span class='ocrx_word' id='word_1_4' title='bbox 703 1798 763 1858; x_wconf 82' lang='grc' dir='ltr'><strong>ποῦ</strong></span> <span class='ocrx_word' id='word_1_5' title='bbox 785 1791 1055 1872; x_wconf 78' lang='grc' dir='ltr'><strong>Ἐρατοσθένους</strong></span> <span class='ocrx_word' id='word_1_6' title='bbox 1082 1791 1191 1875; x_wconf 88' lang='grc' dir='ltr'><strong><em>φθνου</em></strong></span> 
     </span>
     <span class='ocr_line' id='line_1_2' title="bbox 666 1907 863 1984; baseline 0.005 -14"><span class='ocrx_word' id='word_1_7' title='bbox 666 1907 863 1984; x_wconf 69' lang='grc' dir='ltr'><strong><em>οίπολοριία.</em></strong></span> 
     </span>
    </p>
   </div>
   <div class='ocr_carea' id='block_1_2' title="bbox 163 2131 1307 3801">
    <p class='ocr_par' dir='ltr' id='par_1_2' title="bbox 223 2131 1306 2328">
     <span class='ocr_line' id='line_1_3' title="bbox 267 2131 1306 2218; baseline -0.002 -22"><span class='ocrx_word' id='word_1_8' title='bbox 267 2134 284 2218; x_wconf 63' lang='lat' dir='ltr'><strong>o</strong></span> <span class='ocrx_word' id='word_1_9' title='bbox 310 2135 327 2196; x_wconf 89' lang='grc'>8</span> <span class='ocrx_word' id='word_1_10' title='bbox 353 2135 405 2217; x_wconf 63' lang='grc' dir='ltr'><strong>(π).</strong></span> <span class='ocrx_word' id='word_1_11' title='bbox 453 2134 500 2198; x_wconf 78' lang='grc' dir='ltr'><strong>ἐπ’</strong></span> <span class='ocrx_word' id='word_1_12' title='bbox 530 2131 655 2215; x_wconf 72' lang='grc' dir='ltr'><strong><em>ἐκφορὰν</em></strong></span> <span class='ocrx_word' id='word_1_13' title='bbox 684 2131 744 2211; x_wconf 74' lang='grc' dir='ltr'><strong>γὰρ</strong></span> <span class='ocrx_word' id='word_1_14' title='bbox 767 2135 843 2214; x_wconf 73' lang='grc' dir='ltr'><strong><em>αὐτῇ</em></strong></span> <span class='ocrx_word' id='word_1_15' title='bbox 870 2132 1090 2206; x_wconf 68' lang='grc' dir='ltr'><strong>ἀκολουθήσασα</strong></span> <span class='ocrx_word' id='word_1_16' title='bbox 1113 2133 1130 2206; x_wconf 72' lang='grc' dir='ltr'><em>ἡ</em></span> <span class='ocrx_word' id='word_1_17' title='bbox 1153 2132 1210 2208; x_wconf 67' lang='grc' dir='ltr'><strong>ἐμὴ</strong></span> <span class='ocrx_word' id='word_1_18' title='bbox 1233 2131 1306 2209; x_wconf 69' lang='grc' dir='ltr'><strong>γυνὴ</strong></span> 
     </span>
     <span class='ocr_line' id='line_1_4' title="bbox 223 2245 1150 2328; baseline 0 -18"><span class='ocrx_word' id='word_1_19' title='bbox 223 2246 277 2311; x_wconf 76' lang='grc' dir='ltr'><strong>ὑπὸ</strong></span> <span class='ocrx_word' id='word_1_20' title='bbox 298 2247 426 2312; x_wconf 83' lang='grc' dir='ltr'><strong><em>ποθσου</em></strong></span> <span class='ocrx_word' id='word_1_21' title='bbox 449 2249 498 2309; x_wconf 82' lang='grc' dir='ltr'><strong>ποῦ</strong></span> <span class='ocrx_word' id='word_1_22' title='bbox 522 2245 664 2324; x_wconf 82' lang='grc' dir='ltr'><strong><em>οίοθριίπου</em></strong></span> <span class='ocrx_word' id='word_1_23' title='bbox 686 2246 810 2326; x_wconf 76' lang='grc' dir='ltr'><strong>ὀφθεῖσα</strong></span> <span class='ocrx_word' id='word_1_24' title='bbox 831 2245 924 2324; x_wconf 76' lang='grc' dir='ltr'><strong><em>χρόνῳ</em></strong></span> <span class='ocrx_word' id='word_1_25' title='bbox 945 2245 1150 2328; x_wconf 75' lang='grc' dir='ltr'><strong><em>διαφθείρεται.</em></strong></span> 
     </span>
    </p>

    <p class='ocr_par' dir='ltr' id='par_1_3' title="bbox 163 2356 1307 3230">
     <span class='ocr_line' id='line_1_5' title="bbox 265 2356 1305 2441; baseline -0.003 -18"><span class='ocrx_word' id='word_1_26' title='bbox 265 2359 378 2424; x_wconf 87' lang='grc' dir='ltr'><strong><em>Τοιίπου</em></strong></span> <span class='ocrx_word' id='word_1_27' title='bbox 407 2363 458 2422; x_wconf 82' lang='grc' dir='ltr'><strong>ποῦ</strong></span> <span class='ocrx_word' id='word_1_28' title='bbox 489 2357 632 2437; x_wconf 81' lang='grc' dir='ltr'><strong><em>οίιθρθποο</em></strong></span> <span class='ocrx_word' id='word_1_29' title='bbox 655 2358 727 2422; x_wconf 89' lang='lat' dir='ltr'><strong>ferri</strong></span> <span class='ocrx_word' id='word_1_30' title='bbox 750 2379 814 2420; x_wconf 93' lang='lat' dir='ltr'><strong>non</strong></span> <span class='ocrx_word' id='word_1_31' title='bbox 836 2365 955 2441; x_wconf 89' lang='lat' dir='ltr'><strong>potest,</strong></span> <span class='ocrx_word' id='word_1_32' title='bbox 979 2379 1050 2422; x_wconf 86' lang='lat' dir='ltr'><strong>nam</strong></span> <span class='ocrx_word' id='word_1_33' title='bbox 1075 2379 1173 2421; x_wconf 90' lang='lat' dir='ltr'><strong>sermo</strong></span> <span class='ocrx_word' id='word_1_34' title='bbox 1198 2364 1244 2420; x_wconf 88' lang='lat' dir='ltr'><strong>est</strong></span> <span class='ocrx_word' id='word_1_35' title='bbox 1267 2356 1305 2420; x_wconf 87' lang='lat' dir='ltr'><strong>de</strong></span> 
     </span>
     <span class='ocr_line' id='line_1_6' title="bbox 225 2467 1305 2554; baseline 0 -20"><span class='ocrx_word' id='word_1_36' title='bbox 225 2470 348 2536; x_wconf 91' lang='lat' dir='ltr'><strong>homine</strong></span> <span class='ocrx_word' id='word_1_37' title='bbox 379 2476 520 2547; x_wconf 89' lang='lat' dir='ltr'><strong>mortuo,</strong></span> <span class='ocrx_word' id='word_1_38' title='bbox 537 2470 606 2552; x_wconf 75' lang='lat' dir='ltr'><strong>&#39;qui</strong></span> <span class='ocrx_word' id='word_1_39' title='bbox 636 2470 669 2533; x_wconf 94' lang='lat' dir='ltr'><strong>in</strong></span> <span class='ocrx_word' id='word_1_40' title='bbox 691 2467 807 2534; x_wconf 85' lang='lat' dir='ltr'><strong>iudicio</strong></span> <span class='ocrx_word' id='word_1_41' title='bbox 830 2492 893 2534; x_wconf 90' lang='lat' dir='ltr'><strong>non</strong></span> <span class='ocrx_word' id='word_1_42' title='bbox 916 2470 1011 2536; x_wconf 89' lang='lat' dir='ltr'><strong>adest.</strong></span> <span class='ocrx_word' id='word_1_43' title='bbox 1058 2469 1102 2534; x_wconf 92' lang='lat' dir='ltr'><strong>Ni</strong></span> <span class='ocrx_word' id='word_1_44' title='bbox 1124 2469 1215 2535; x_wconf 84' lang='lat' dir='ltr'><strong>fallor</strong></span> <span class='ocrx_word' id='word_1_45' title='bbox 1238 2491 1305 2554; x_wconf 86' lang='lat' dir='ltr'><strong>pro·</strong></span> 
     </span>
     <span class='ocr_line' id='line_1_7' title="bbox 223 2582 1306 2668; baseline -0.002 -20"><span class='ocrx_word' id='word_1_46' title='bbox 223 2606 335 2648; x_wconf 89' lang='lat' dir='ltr'><strong>nomen</strong></span> <span class='ocrx_word' id='word_1_47' title='bbox 367 2583 641 2647; x_wconf 90' lang='lat' dir='ltr'><strong>demonstrativum</strong></span> <span class='ocrx_word' id='word_1_48' title='bbox 672 2582 801 2648; x_wconf 88' lang='lat' dir='ltr'><strong>debetur</strong></span> <span class='ocrx_word' id='word_1_49' title='bbox 831 2583 983 2662; x_wconf 87' lang='lat' dir='ltr'><strong>librariis,</strong></span> <span class='ocrx_word' id='word_1_50' title='bbox 1020 2585 1075 2668; x_wconf 91' lang='lat' dir='ltr'><strong>qui</strong></span> <span class='ocrx_word' id='word_1_51' title='bbox 1105 2606 1166 2648; x_wconf 90' lang='lat' dir='ltr'><strong>non</strong></span> <span class='ocrx_word' id='word_1_52' title='bbox 1199 2603 1306 2648; x_wconf 91' lang='lat' dir='ltr'><strong>eonoo·</strong></span> 
     </span>
     <span class='ocr_line' id='line_1_8' title="bbox 224 2696 1307 2784; baseline -0.005 -20"><span class='ocrx_word' id='word_1_53' title='bbox 224 2699 358 2784; x_wconf 90' lang='lat' dir='ltr'><strong>quebant</strong></span> <span class='ocrx_word' id='word_1_54' title='bbox 394 2698 598 2774; x_wconf 86' lang='lat' dir='ltr'><strong>locutionem,</strong></span> <span class='ocrx_word' id='word_1_55' title='bbox 631 2699 664 2761; x_wconf 97' lang='lat' dir='ltr'><strong>in</strong></span> <span class='ocrx_word' id='word_1_56' title='bbox 703 2698 918 2763; x_wconf 82' lang='lat' dir='ltr'><strong>Demosthenis</strong></span> <span class='ocrx_word' id='word_1_57' title='bbox 958 2720 1080 2784; x_wconf 91' lang='lat' dir='ltr'><strong>quoque</strong></span> <span class='ocrx_word' id='word_1_58' title='bbox 1119 2696 1307 2761; x_wconf 86' lang='lat' dir='ltr'><strong>orationibus</strong></span> 
     </span>
     <span class='ocr_line' id='line_1_9' title="bbox 223 2808 1305 2897; baseline -0.003 -21"><span class='ocrx_word' id='word_1_59' title='bbox 223 2813 343 2897; x_wconf 89' lang='lat' dir='ltr'><strong>saepius</strong></span> <span class='ocrx_word' id='word_1_60' title='bbox 366 2818 559 2897; x_wconf 78' lang='lat' dir='ltr'><strong>corruptam,</strong></span> <span class='ocrx_word' id='word_1_61' title='bbox 583 2811 597 2875; x_wconf 83' lang='grc' dir='ltr'><em>ὃ</em></span> <span class='ocrx_word' id='word_1_62' title='bbox 620 2808 780 2892; x_wconf 81' lang='grc' dir='ltr'><strong><em>ι’ίυθραποι,</em></strong></span> <span class='ocrx_word' id='word_1_63' title='bbox 805 2833 881 2895; x_wconf 90' lang='lat' dir='ltr'><strong>quae</strong></span> <span class='ocrx_word' id='word_1_64' title='bbox 897 2811 965 2876; x_wconf 87' lang='lat' dir='ltr'><strong>aliis</strong></span> <span class='ocrx_word' id='word_1_65' title='bbox 982 2833 1104 2895; x_wconf 91' lang='lat' dir='ltr'><strong>quoque</strong></span> <span class='ocrx_word' id='word_1_66' title='bbox 1119 2810 1195 2874; x_wconf 86' lang='lat' dir='ltr'><strong>loeis</strong></span> <span class='ocrx_word' id='word_1_67' title='bbox 1211 2809 1305 2874; x_wconf 87' lang='lat' dir='ltr'><strong>huius</strong></span> 
     </span>
     <span class='ocr_line' id='line_1_10' title="bbox 163 2924 1307 3009; baseline -0.003 -19"><span class='ocrx_word' id='word_1_68' title='bbox 163 2988 167 2997; x_wconf 81' lang='grc'><em>,</em></span> <span class='ocrx_word' id='word_1_69' title='bbox 223 2926 368 2990; x_wconf 86' lang='lat' dir='ltr'><strong>orationis</strong></span> <span class='ocrx_word' id='word_1_70' title='bbox 399 2926 437 2990; x_wconf 88' lang='lat' dir='ltr'><strong>de</strong></span> <span class='ocrx_word' id='word_1_71' title='bbox 471 2924 674 2990; x_wconf 76' lang='lat' dir='ltr'><strong>Eratosthene</strong></span> <span class='ocrx_word' id='word_1_72' title='bbox 706 2925 832 2988; x_wconf 91' lang='lat' dir='ltr'><strong>moeoho</strong></span> <span class='ocrx_word' id='word_1_73' title='bbox 864 2947 935 2989; x_wconf 92' lang='lat' dir='ltr'><strong>eum</strong></span> <span class='ocrx_word' id='word_1_74' title='bbox 958 2932 1137 3009; x_wconf 82' lang='lat' dir='ltr'><strong>contemptu</strong></span> <span class='ocrx_word' id='word_1_75' title='bbox 1159 2931 1307 3008; x_wconf 88' lang='lat' dir='ltr'><strong>usurpata</strong></span> 
     </span>
     <span class='ocr_line' id='line_1_11' title="bbox 222 3036 1307 3123; baseline -0.004 -20"><span class='ocrx_word' id='word_1_76' title='bbox 222 3038 353 3123; x_wconf 92' lang='lat' dir='ltr'><strong>primum</strong></span> <span class='ocrx_word' id='word_1_77' title='bbox 384 3039 417 3103; x_wconf 91' lang='lat' dir='ltr'><strong>in</strong></span> <span class='ocrx_word' id='word_1_78' title='bbox 448 3039 506 3102; x_wconf 91' lang='lat' dir='ltr'><strong>hae</strong></span> <span class='ocrx_word' id='word_1_79' title='bbox 537 3036 726 3122; x_wconf 80' lang='lat' dir='ltr'><strong>paragrapho</strong></span> <span class='ocrx_word' id='word_1_80' title='bbox 757 3046 892 3122; x_wconf 90' lang='lat' dir='ltr'><strong>apparet.</strong></span> <span class='ocrx_word' id='word_1_81' title='bbox 938 3037 1118 3122; x_wconf 87' lang='lat' dir='ltr'><strong>Legendum</strong></span> <span class='ocrx_word' id='word_1_82' title='bbox 1151 3044 1307 3121; x_wconf 87' lang='lat' dir='ltr'><strong>praeterea</strong></span> 
     </span>
     <span class='ocr_line' id='line_1_12' title="bbox 222 3151 590 3230; baseline 0 -15"><span class='ocrx_word' id='word_1_83' title='bbox 222 3174 292 3215; x_wconf 89' lang='lat' dir='ltr'><strong>cum</strong></span> <span class='ocrx_word' id='word_1_84' title='bbox 314 3151 393 3215; x_wconf 83' lang='lat' dir='ltr'><strong>erasi</strong></span> <span class='ocrx_word' id='word_1_85' title='bbox 414 3151 590 3230; x_wconf 83' lang='grc' dir='ltr'><strong><em>σοίοθριίπου.</em></strong></span> 
     </span>
    </p>

    <p class='ocr_par' dir='ltr' id='par_1_4' title="bbox 222 3262 1307 3457">
     <span class='ocr_line' id='line_1_13' title="bbox 266 3262 1307 3350; baseline 0 -22"><span class='ocrx_word' id='word_1_86' title='bbox 266 3266 283 3350; x_wconf 63' lang='lat' dir='ltr'><strong>o</strong></span> <span class='ocrx_word' id='word_1_87' title='bbox 309 3267 347 3328; x_wconf 82' lang='lat'><strong>13</strong></span> <span class='ocrx_word' id='word_1_88' title='bbox 373 3265 425 3347; x_wconf 63' lang='grc' dir='ltr'><strong>(π).</strong></span> <span class='ocrx_word' id='word_1_89' title='bbox 471 3264 561 3341; x_wconf 55' lang='lat' dir='ltr'><strong>aare</strong></span> <span class='ocrx_word' id='word_1_90' title='bbox 584 3263 638 3340; x_wconf 77' lang='grc' dir='ltr'><strong>μὲν</strong></span> <span class='ocrx_word' id='word_1_91' title='bbox 661 3262 787 3340; x_wconf 71' lang='grc' dir='ltr'><em>ἐγέλων,</em></span> <span class='ocrx_word' id='word_1_92' title='bbox 812 3265 903 3337; x_wconf 62' lang='lat' dir='ltr'><strong>iactata</strong></span> <span class='ocrx_word' id='word_1_93' title='bbox 927 3263 956 3326; x_wconf 74' lang='grc' dir='ltr'><strong>δὲ</strong></span> <span class='ocrx_word' id='word_1_94' title='bbox 978 3265 1139 3327; x_wconf 74' lang='grc' dir='ltr'><strong><em>οίιασπῖισα</em></strong></span> <span class='ocrx_word' id='word_1_95' title='bbox 1157 3262 1218 3327; x_wconf 78' lang='grc' dir='ltr'><strong>καί</strong></span> <span class='ocrx_word' id='word_1_96' title='bbox 1238 3263 1307 3328; x_wconf 78' lang='grc' dir='ltr'><strong><em>απι-</em></strong></span> 
     </span>
     <span class='ocr_line' id='line_1_14' title="bbox 222 3375 1054 3457; baseline 0 -15"><span class='ocrx_word' id='word_1_97' title='bbox 222 3382 295 3442; x_wconf 79' lang='grc' dir='ltr'><strong><em>οὔσοι</em></strong></span> <span class='ocrx_word' id='word_1_98' title='bbox 317 3377 481 3457; x_wconf 75' lang='grc' dir='ltr'><strong><em>προστίθησι</em></strong></span> <span class='ocrx_word' id='word_1_99' title='bbox 504 3378 555 3450; x_wconf 69' lang='grc' dir='ltr'><strong>τὴν</strong></span> <span class='ocrx_word' id='word_1_100' title='bbox 578 3377 663 3456; x_wconf 87' lang='grc' dir='ltr'><strong><em>θθραυ</em></strong></span> <span class='ocrx_word' id='word_1_101' title='bbox 686 3375 908 3453; x_wconf 70' lang='grc' dir='ltr'><strong><em>προσποιουμένη</em></strong></span> <span class='ocrx_word' id='word_1_102' title='bbox 931 3376 1054 3457; x_wconf 79' lang='grc' dir='ltr'><strong><em>παίζειν.</em></strong></span> 
     </span>
    </p>

    <p class='ocr_par' dir='ltr' id='par_1_5' title="bbox 222 3488 1307 3801">
     <span class='ocr_line' id='line_1_15' title="bbox 268 3488 1307 3574; baseline 0.002 -21"><span class='ocrx_word' id='word_1_103' title='bbox 268 3489 455 3574; x_wconf 76' lang='lat' dir='ltr'><strong>Quicunque</strong></span> <span class='ocrx_word' id='word_1_104' title='bbox 478 3499 618 3556; x_wconf 90' lang='lat' dir='ltr'><strong>aoourate</strong></span> <span class='ocrx_word' id='word_1_105' title='bbox 642 3491 724 3555; x_wconf 91' lang='lat' dir='ltr'><strong>huno</strong></span> <span class='ocrx_word' id='word_1_106' title='bbox 746 3490 849 3555; x_wconf 91' lang='lat' dir='ltr'><strong>looum</strong></span> <span class='ocrx_word' id='word_1_107' title='bbox 872 3490 1038 3574; x_wconf 82' lang='lat' dir='ltr'><strong>inspexerit</strong></span> <span class='ocrx_word' id='word_1_108' title='bbox 1058 3513 1176 3555; x_wconf 88' lang='lat' dir='ltr'><strong>meeum</strong></span> <span class='ocrx_word' id='word_1_109' title='bbox 1193 3488 1307 3556; x_wconf 87' lang='lat' dir='ltr'><strong>delebit</strong></span> 
     </span>
     <span class='ocr_line' id='line_1_16' title="bbox 222 3603 1306 3689; baseline 0 -22"><span class='ocrx_word' id='word_1_110' title='bbox 222 3604 440 3687; x_wconf 88' lang='lat' dir='ltr'><strong>permolestum</strong></span> <span class='ocrx_word' id='word_1_111' title='bbox 463 3605 531 3679; x_wconf 88' lang='grc' dir='ltr'><strong><em>καί,</em></strong></span> <span class='ocrx_word' id='word_1_112' title='bbox 555 3605 705 3668; x_wconf 87' lang='lat' dir='ltr'><strong>insertum</strong></span> <span class='ocrx_word' id='word_1_113' title='bbox 728 3626 746 3667; x_wconf 98' lang='lat' dir='ltr'><strong>a</strong></span> <span class='ocrx_word' id='word_1_114' title='bbox 769 3603 911 3681; x_wconf 89' lang='lat' dir='ltr'><strong>librario,</strong></span> <span class='ocrx_word' id='word_1_115' title='bbox 937 3604 991 3689; x_wconf 92' lang='lat' dir='ltr'><strong>qui</strong></span> <span class='ocrx_word' id='word_1_116' title='bbox 1014 3625 1076 3668; x_wconf 91' lang='lat' dir='ltr'><strong>non</strong></span> <span class='ocrx_word' id='word_1_117' title='bbox 1104 3603 1221 3671; x_wconf 86' lang='lat' dir='ltr'><strong>ferebat</strong></span> <span class='ocrx_word' id='word_1_118' title='bbox 1243 3603 1306 3668; x_wconf 90' lang='lat' dir='ltr'><strong>duo</strong></span> 
     </span>
     <span class='ocr_line' id='line_1_17' title="bbox 222 3716 1306 3801; baseline -0.001 -20"><span class='ocrx_word' id='word_1_119' title='bbox 222 3717 381 3801; x_wconf 87' lang='lat' dir='ltr'><strong>partieipia</strong></span> <span class='ocrx_word' id='word_1_120' title='bbox 412 3717 477 3782; x_wconf 91' lang='lat' dir='ltr'><strong>sine</strong></span> <span class='ocrx_word' id='word_1_121' title='bbox 508 3717 723 3782; x_wconf 81' lang='lat' dir='ltr'><strong>coniunctione</strong></span> <span class='ocrx_word' id='word_1_122' title='bbox 752 3717 939 3781; x_wconf 81' lang='lat' dir='ltr'><strong>continuata.</strong></span> <span class='ocrx_word' id='word_1_123' title='bbox 987 3716 1059 3781; x_wconf 89' lang='lat' dir='ltr'><strong>Non</strong></span> <span class='ocrx_word' id='word_1_124' title='bbox 1086 3718 1188 3780; x_wconf 91' lang='lat' dir='ltr'><strong>minus</strong></span> <span class='ocrx_word' id='word_1_125' title='bbox 1215 3716 1306 3780; x_wconf 82' lang='lat' dir='ltr'><strong>mole</strong></span> 
     </span>
    </p>
   </div>
   <div class='ocr_carea' id='block_1_3' title="bbox 223 3819 1306 3914">
    <p class='ocr_par' dir='ltr' id='par_1_6' title="bbox 223 3819 1306 3914">
     <span class='ocr_line' id='line_1_18' title="bbox 223 3819 1306 3914; baseline -0.001 -20"><span class='ocrx_word' id='word_1_126' title='bbox 223 3836 305 3894; x_wconf 84' lang='lat' dir='ltr'><strong>stum</strong></span> <span class='ocrx_word' id='word_1_127' title='bbox 330 3838 375 3894; x_wconf 87' lang='lat' dir='ltr'><strong>est</strong></span> <span class='ocrx_word' id='word_1_128' title='bbox 397 3831 449 3895; x_wconf 87' lang='grc' dir='ltr'><strong>καί</strong></span> <span class='ocrx_word' id='word_1_129' title='bbox 471 3819 505 3893; x_wconf 90' lang='lat' dir='ltr'><strong>in</strong></span> <span class='ocrx_word' id='word_1_130' title='bbox 527 3829 581 3893; x_wconf 92' lang='lat' dir='ltr'><strong>Or.</strong></span> <span class='ocrx_word' id='word_1_131' title='bbox 607 3829 703 3907; x_wconf 89' lang='lat' dir='ltr'>XIX,</span> <span class='ocrx_word' id='word_1_132' title='bbox 727 3832 819 3914; x_wconf 70' lang='lat'><strong>§112</strong></span> <span class='ocrx_word' id='word_1_133' title='bbox 844 3830 982 3910; x_wconf 76' lang='grc' dir='ltr'><strong><em>χαλεπὸν</em></strong></span> <span class='ocrx_word' id='word_1_134' title='bbox 1004 3831 1058 3908; x_wconf 76' lang='grc' dir='ltr'><strong>μὲν</strong></span> <span class='ocrx_word' id='word_1_135' title='bbox 1080 3827 1145 3906; x_wconf 82' lang='grc' dir='ltr'><strong><em>οὖν,</em></strong></span> <span class='ocrx_word' id='word_1_136' title='bbox 1168 3826 1189 3894; x_wconf 78' lang='grc' dir='ltr'><strong><em>ὦ</em></strong></span> <span class='ocrx_word' id='word_1_137' title='bbox 1209 3827 1306 3909; x_wconf 76' lang='grc' dir='ltr'><strong><em>ι’ίυδρες</em></strong></span> 
     </span>
    </p>
   </div>
   <div class='ocr_carea' id='block_1_4' title="bbox 220 3941 1311 4568">
    <p class='ocr_par' dir='ltr' id='par_1_7' title="bbox 220 3941 1306 4023">
     <span class='ocr_line' id='line_1_19' title="bbox 220 3941 1306 4023; baseline 0.001 -17"><span class='ocrx_word' id='word_1_138' title='bbox 220 3943 359 4008; x_wconf 76' lang='grc' dir='ltr'><strong><em>δικασταί</em></strong></span> <span class='ocrx_word' id='word_1_139' title='bbox 365 3994 374 4018; x_wconf 88' lang='grc'><em>,</em></span> <span class='ocrx_word' id='word_1_140' title='bbox 409 3945 618 4021; x_wconf 71' lang='grc' dir='ltr'><strong><em>ἀπολογείσθαι</em></strong></span> <span class='ocrx_word' id='word_1_141' title='bbox 653 3944 721 4023; x_wconf 80' lang='grc' dir='ltr'><strong><em>πρὸς</em></strong></span> <span class='ocrx_word' id='word_1_142' title='bbox 752 3942 838 4018; x_wconf 73' lang='grc' dir='ltr'><strong><em>δόξαν</em></strong></span> <span class='ocrx_word' id='word_1_143' title='bbox 868 3941 901 4019; x_wconf 74' lang='grc' dir='ltr'><strong>ἣν</strong></span> <span class='ocrx_word' id='word_1_144' title='bbox 933 3943 995 4008; x_wconf 79' lang='grc' dir='ltr'><strong><em>ἕοιοι</em></strong></span> <span class='ocrx_word' id='word_1_145' title='bbox 1026 3943 1126 4022; x_wconf 75' lang='grc' dir='ltr'><strong><em>ἔχουσι</em></strong></span> <span class='ocrx_word' id='word_1_146' title='bbox 1157 3943 1220 4023; x_wconf 80' lang='grc' dir='ltr'><strong><em>περί</em></strong></span> <span class='ocrx_word' id='word_1_147' title='bbox 1253 3951 1306 4017; x_wconf 81' lang='grc' dir='ltr'><strong>πῆς</strong></span> 
     </span>
    </p>

    <p class='ocr_par' dir='ltr' id='par_1_8' title="bbox 221 4054 1306 4139">
     <span class='ocr_line' id='line_1_20' title="bbox 221 4054 1306 4139; baseline 0.001 -19"><span class='ocrx_word' id='word_1_148' title='bbox 221 4057 396 4137; x_wconf 74' lang='grc' dir='ltr'><strong><em>Νικοφήμου</em></strong></span> <span class='ocrx_word' id='word_1_149' title='bbox 419 4057 518 4130; x_wconf 82' lang='grc' dir='ltr'><strong><em>οὐσίας</em></strong></span> <span class='ocrx_word' id='word_1_150' title='bbox 537 4057 588 4120; x_wconf 79' lang='grc' dir='ltr'><strong>καί</strong></span> <span class='ocrx_word' id='word_1_151' title='bbox 608 4054 713 4122; x_wconf 87' lang='grc' dir='ltr'><strong><em>σπιίοιι</em></strong></span> <span class='ocrx_word' id='word_1_152' title='bbox 732 4056 884 4137; x_wconf 75' lang='grc' dir='ltr'><strong><em>οίρρυρίου,</em></strong></span> <span class='ocrx_word' id='word_1_153' title='bbox 905 4055 923 4130; x_wconf 75' lang='grc' dir='ltr'><strong>θί</strong></span> <span class='ocrx_word' id='word_1_154' title='bbox 941 4063 989 4121; x_wconf 81' lang='grc' dir='ltr'><strong>νῦν</strong></span> <span class='ocrx_word' id='word_1_155' title='bbox 1008 4058 1084 4123; x_wconf 77' lang='grc' dir='ltr'><strong><em>ἐστιν</em></strong></span> <span class='ocrx_word' id='word_1_156' title='bbox 1103 4058 1132 4122; x_wconf 82' lang='grc' dir='ltr'><strong>ἕν</strong></span> <span class='ocrx_word' id='word_1_157' title='bbox 1150 4066 1187 4139; x_wconf 72' lang='grc' dir='ltr'><strong>τῇ</strong></span> <span class='ocrx_word' id='word_1_158' title='bbox 1207 4057 1306 4133; x_wconf 74' lang='grc' dir='ltr'><strong><em>πόλει,</em></strong></span> 
     </span>
    </p>

    <p class='ocr_par' dir='ltr' id='par_1_9' title="bbox 222 4168 1309 4250">
     <span class='ocr_line' id='line_1_21' title="bbox 222 4168 1309 4250; baseline 0.002 -17"><span class='ocrx_word' id='word_1_159' title='bbox 222 4168 272 4233; x_wconf 79' lang='grc' dir='ltr'><strong>καί</strong></span> <span class='ocrx_word' id='word_1_160' title='bbox 296 4174 347 4234; x_wconf 83' lang='grc' dir='ltr'><strong>ποῦ</strong></span> <span class='ocrx_word' id='word_1_161' title='bbox 376 4170 486 4245; x_wconf 75' lang='grc' dir='ltr'><strong><em>αγῶνος</em></strong></span> <span class='ocrx_word' id='word_1_162' title='bbox 518 4169 586 4250; x_wconf 73' lang='grc' dir='ltr'><strong><em>πρὸς</em></strong></span> <span class='ocrx_word' id='word_1_163' title='bbox 617 4169 651 4233; x_wconf 84' lang='grc' dir='ltr'><strong>πθ</strong></span> <span class='ocrx_word' id='word_1_164' title='bbox 682 4169 813 4246; x_wconf 72' lang='grc' dir='ltr'><strong><em>δημόσιον</em></strong></span> <span class='ocrx_word' id='word_1_165' title='bbox 845 4169 939 4242; x_wconf 77' lang='grc' dir='ltr'><strong><em>ὄντος·</em></strong></span> <span class='ocrx_word' id='word_1_166' title='bbox 972 4169 1048 4248; x_wconf 82' lang='grc' dir='ltr'><strong><em>θμαι</em></strong></span> <span class='ocrx_word' id='word_1_167' title='bbox 1073 4171 1102 4236; x_wconf 75' lang='grc' dir='ltr'><strong>δὲ</strong></span> <span class='ocrx_word' id='word_1_168' title='bbox 1128 4170 1309 4236; x_wconf 77' lang='grc' dir='ltr'><strong><em>καὶτούτων</em></strong></span> 
     </span>
    </p>

    <p class='ocr_par' dir='ltr' id='par_1_10' title="bbox 226 4280 1309 4364">
     <span class='ocr_line' id='line_1_22' title="bbox 226 4280 1309 4364; baseline 0.003 -19"><span class='ocrx_word' id='word_1_169' title='bbox 226 4280 415 4362; x_wconf 81' lang='grc' dir='ltr'><strong><em>ὑπαρχθισαυ</em></strong></span> <span class='ocrx_word' id='word_1_170' title='bbox 446 4281 544 4364; x_wconf 76' lang='grc' dir='ltr'><strong><em>ῥαδίως</em></strong></span> <span class='ocrx_word' id='word_1_171' title='bbox 576 4281 719 4358; x_wconf 77' lang='grc' dir='ltr'><strong><em>γνώσεσθε</em></strong></span> <span class='ocrx_word' id='word_1_172' title='bbox 749 4281 791 4346; x_wconf 84' lang='grc' dir='ltr'><strong>θπι</strong></span> <span class='ocrx_word' id='word_1_173' title='bbox 820 4285 871 4348; x_wconf 83' lang='grc' dir='ltr'><strong>οὐκ</strong></span> <span class='ocrx_word' id='word_1_174' title='bbox 900 4283 993 4358; x_wconf 77' lang='grc' dir='ltr'><strong><em>οίλιρθῆ</em></strong></span> <span class='ocrx_word' id='word_1_175' title='bbox 1022 4285 1084 4348; x_wconf 81' lang='grc' dir='ltr'><strong><em>ἐσσι</em></strong></span> <span class='ocrx_word' id='word_1_176' title='bbox 1114 4285 1155 4348; x_wconf 83' lang='grc' dir='ltr'><strong>πθι</strong></span> <span class='ocrx_word' id='word_1_177' title='bbox 1181 4307 1309 4362; x_wconf 71' lang='grc' dir='ltr'><strong><em>καπυρο-</em></strong></span> 
     </span>
    </p>

    <p class='ocr_par' dir='ltr' id='par_1_11' title="bbox 225 4393 1311 4568">
     <span class='ocr_line' id='line_1_23' title="bbox 225 4393 1311 4482; baseline 0.004 -24"><span class='ocrx_word' id='word_1_178' title='bbox 225 4396 345 4474; x_wconf 79' lang='grc' dir='ltr'><strong><em>ριιμέοα.</em></strong></span> <span class='ocrx_word' id='word_1_179' title='bbox 391 4393 518 4458; x_wconf 75' lang='lat' dir='ltr'><strong>Frustra</strong></span> <span class='ocrx_word' id='word_1_180' title='bbox 551 4396 632 4458; x_wconf 92' lang='lat' dir='ltr'><strong>enim</strong></span> <span class='ocrx_word' id='word_1_181' title='bbox 670 4395 872 4479; x_wconf 80' lang='lat' dir='ltr'><strong>quaesiveris,</strong></span> <span class='ocrx_word' id='word_1_182' title='bbox 897 4395 972 4481; x_wconf 91' lang='lat' dir='ltr'><strong>quid</strong></span> <span class='ocrx_word' id='word_1_183' title='bbox 1012 4398 1188 4462; x_wconf 83' lang='lat' dir='ltr'><strong>coniunctio</strong></span> <span class='ocrx_word' id='word_1_184' title='bbox 1218 4398 1311 4482; x_wconf 81' lang='lat' dir='ltr'><strong>signi·</strong></span> 
     </span>
     <span class='ocr_line' id='line_1_24' title="bbox 1170 4517 1185 4568; baseline 0 0"><span class='ocrx_word' id='word_1_185' title='bbox 1170 4517 1185 4568; x_wconf 95' lang='grc'>1</span> 
     </span>
    </p>
   </div>
   <div class='ocr_carea' id='block_1_5' title="bbox 0 0 1686 5502">
    <p class='ocr_par' dir='ltr' id='par_1_12' title="bbox 0 0 1686 5502">
     <span class='ocr_line' id='line_1_25' title="bbox 0 0 1686 5502; baseline 0 0"><span class='ocrx_word' id='word_1_186' title='bbox 0 0 1686 5502; x_wconf 95' lang='lat' dir='ltr'><strong> </strong></span> 
     </span>
    </p>
   </div>
  </div>
 </body>
</html>
