3364 5502
808 603 922 648 ORATIO
945 603 1025 648 xvn.

485 879 632 945 ORATIO
656 880 761 945 XVII.
807 861 888 964 Περί
912 885 1085 960 δημοσίων
1108 881 1351 960 άδικημάτων.

419 1108 488 1189 pa.
531 1108 607 1180 Ἕως
637 1110 728 1173 τοίνυν
758 1111 772 1172 ό
804 1111 929 1188 ’Ἐράτων
957 1108 1023 1190 ἔζη,
1046 1111 1112 1182 τοάς
1134 1134 1167 1172 τε
1191 1109 1290 1178 τόκους
1314 1108 1455 1182 άπελάμ·

375 1217 464 1293 βανον
487 1221 544 1297 ἐγὼ
566 1221 615 1284 καί
638 1215 742 1286 πάλλα
763 1221 804 1286 τά
827 1223 1024 1299 συγκείμενα·
1049 1223 1146 1295 ἐπειδη
1169 1224 1199 1284 δ’·
1209 1222 1380 1296 ἐτελεύτησε
1404 1243 1453 1284 κοι-

375 1333 506 1396 ταλιπὼν
529 1334 603 1404 υἱοὺς
626 1341 718 1413 τρεῖς,
743 1337 946 1415 Ἐρασιφῶντα
968 1336 1018 1399 καί
1042 1335 1191 1414 Ἐράτωνα
1206 1336 1253 1398 καί
1266 1335 1458 1412 Ἐρασίστρα-

375 1468 439 1520 τον,
463 1442 538 1513 οὗτοι
560 1447 636 1511 οὐδὲν
658 1448 700 1512 ἔτι
725 1452 792 1523 ἡμῖν
819 1455 873 1512 τῶν
897 1449 1010 1512 δικαίων
1033 1450 1153 1514 ἐποίουν.
1197 1450 1246 1511 Ἐν
1270 1448 1322 1523 μὲν
1346 1443 1392 1511 οὖν
1415 1447 1455 1526 τῷ

376 1556 510 1637 πολέμῳ,
542 1559 608 1624 διότι
639 1562 690 1624 οὐκ
720 1557 793 1634 ἦσαν
820 1561 913 1637 δίκαι,
941 1563 972 1626 οὐ
995 1561 1107 1625 δυνατοί
1131 1557 1203 1636 ἦμεν
1226 1560 1295 1639 παρ’
1320 1556 1457 1624 αὐτῶνά

375 1670 496 1753 ὤφειλον
527 1671 707 1750 πράξασόαι·
739 1673 835 1745 ε’πειδίρ
867 1673 892 1736 δ’
923 1675 1012 1752 είράνη
1045 1673 1174 1754 ἐγένετο,
1208 1669 1312 1751 άτεπερ
1349 1677 1457 1750 πρῶτον

376 1785 407 1848 αί
437 1784 557 1851 άστικαί
590 1787 668 1850 δίκαι’
696 1786 872 1867 ἐδικάζοντο,
896 1789 999 1867 λαχὼν
1022 1787 1035 1850 ὁ
1059 1789 1156 1866 πατὴρ
1178 1787 1287 1857 παντὸς
1313 1792 1363 1850 τοῦ
1386 1810 1460 1860 συμ-

374 1896 496 1971 βολαίου
519 1899 752 1978 Ἐρασιστράτῳ,
777 1897 863 1978 όσπερ
886 1899 970 1976 μόνος
990 1901 1046 1963 τῶν
1061 1900 1196 1981 άδελφῶν
1213 1899 1367 1978 ἐπεδήμει,
1385 1921 1458 1961 κατ-

376 2011 532 2076 εδικάσατο
556 2014 602 2076 ἐπὶ
629 2013 788 2080 Ξεναινέτου
812 2011 963 2092 άρχοντος.

421 2121 500 2187 Cum
531 2123 719 2189 Franckenio
750 2125 887 2189 offendor
915 2125 1094 2210 pronomine
1116 2125 1192 2200 ἐγώ,
1217 2124 1301 2209 quod
1323 2146 1385 2188 non
1413 2146 1459 2187 so·

319 2301 323 2308 ,
376 2234 419 2298 let
442 2236 513 2300 eddi
536 2237 597 2302 uisi
620 2260 689 2302 eum
713 2239 846 2324 quadem
873 2239 918 2318 vi,
944 2261 1022 2323 quae
1045 2238 1075 2301 h.
1101 2238 1121 2301 l.
1146 2237 1233 2302 nulla
1255 2246 1318 2301 est:
1343 2237 1455 2301 deinde

376 2357 438 2412 eret
461 2351 573 2433 patris,
598 2351 651 2434 qui
675 2359 752 2415 teste
777 2351 832 2416 hac
854 2353 921 2436 ipsa
935 2354 953 2436 ᾧ
967 2360 1042 2416 tune
1057 2351 1202 2434 temporis
1219 2350 1319 2414 adhue
1331 2351 1364 2412 in
1378 2349 1454 2413 vivis

375 2469 455 2540 erat,
485 2464 637 2548 percipere
660 2465 796 2544 fruetus,
820 2486 881 2528 non
906 2465 1033 2540 actoris;
1058 2472 1143 2526 actor
1166 2464 1243 2526 adeo
1267 2485 1328 2526 non
1354 2461 1455 2546 potuit

376 2573 413 2638 de
443 2598 475 2638 se
505 2576 570 2640 solo
600 2576 687 2660 loqui
695 2603 704 2653 ;
736 2586 765 2640 at
793 2578 894 2662 potuit
923 2583 1167 2656 καταχρηστικῶς
1199 2575 1286 2659 loqui
1310 2575 1348 2637 de
1372 2582 1457 2658 patre

374 2694 405 2751 et
428 2711 460 2750 se
483 2689 567 2772 ipso,
592 2699 628 2753 ut
658 2690 729 2753 fecit
754 2691 854 2753 bisin
878 2691 989 2753 vicinia
1014 2689 1064 2774 (ei.
1091 2693 1158 2764 ἡμῖν
1182 2698 1212 2750 et
1236 2686 1338 2769 ἦμεν),
1366 2708 1458 2769 quere

339 2815 341 2818 '
375 2803 514 2886 suspicor
537 2803 568 2866 in
591 2803 868 2890 άπελαμβοινονεγω
887 2803 982 2866 latere
997 2799 1275 2880 άπελαμβάνομεν,
1293 2822 1354 2882 quo
1371 2799 1457 2862 resti·

377 2921 461 2992 tuto,
487 2916 565 2979 nihil
588 2917 717 3000 amplius
740 2917 772 2980 in
797 2917 844 2980 his
868 2916 967 2980 verbis
991 2936 1047 2979 nos
1073 2914 1254 2979 morabitur.
1329 2974 1333 2982 .

421 3029 491 3111 M.
534 3030 606 3094 Ὅτι
636 3031 689 3107 μὲν
719 3029 760 3094 τά
789 3028 944 3109 ’Ἐράτωνος
976 3030 1090 3100 δικαίως
1122 3026 1158 3092 άν
1190 3027 1318 3105 ἡμέτερα
1340 3026 1400 3101 είη,
1425 3027 1458 3088 ε’κ

377 3140 484 3204 τούτων
513 3142 603 3224 ῥηίδιον
633 3140 751 3214 είδόναι,
772 3141 814 3206 ότι
839 3143 868 3204 δὲ
891 3143 991 3206 πάντα
1014 3142 1190 3222 δημεύεται,
1215 3140 1248 3216 ἐξ
1271 3142 1365 3203 αὐτῶν
1388 3139 1459 3202 άπε-

378 3252 503 3334 ypapa-
534 3262 608 3332 τρεῖς
636 3255 696 3335 γάρ
718 3255 767 3319 καὶ
790 3254 928 3335 τέτταρες
951 3253 1066 3318 ἕκαστα
1089 3253 1343 3332 άπογεγράφασι.
1367 3252 1459 3315 καίτοι

378 3369 463 3430 τοῦτό
485 3391 522 3444 γε
545 3368 633 3431 παντί
656 3367 835 3449 εὔγνωστον,
861 3365 903 3432 ότι
927 3369 975 3430 οὐκ
998 3366 1034 3430 άν
1055 3365 1287 3444 παραλιπόντες,
1306 3363 1333 3428 εί
1345 3389 1372 3427 τι
1385 3362 1460 3428 άλλο

379 3484 433 3543 τῶν
468 3480 624 3558 Ἐράτωνος
658 3475 712 3543 οίόν
745 3505 779 3544 τε
814 3477 845 3554 ἦν
879 3478 1009 3555 δημεύειν
1041 3480 1093 3552 την
1116 3477 1217 3540 πάντα
1239 3478 1281 3540 τά
1303 3476 1460 3556 Ἐράτωνος

378 3591 572 3673 άπέγραΦον,
595 3591 645 3656 καί
668 3592 746 3679 λέγω
771 3591 861 3657 πολὺν
886 3591 936 3664 ἤδη
959 3590 1058 3670 χρόνον
1082 3592 1237 3665 κέκτημαι.

422 3705 539 3770 Locum
568 3710 764 3790 corruptum,
793 3727 884 3789 quem
907 3704 978 3768 dedi
1002 3726 1038 3768 ex
1062 3704 1244 3767 auctoritate
1268 3702 1382 3765 codicis
1406 3701 1463 3764 Pa·

378 3819 485 3896 latini,
517 3819 560 3883 sie
590 3819 813 3883 restituendum
845 3841 910 3882 esse
941 3818 1088 3895 arbitror,
1117 3825 1153 3880 ut
1177 3837 1247 3879 eum
1271 3815 1394 3878 Reiskio
1418 3815 1459 3878 le·

380 3942 470 4019 gatur
500 3937 594 3999 αὐτῶν
624 3940 679 3998 τῶν
708 3925 907 4012 άπονραφων,
937 3955 1006 3997 eum
1030 3931 1133 3995 codiee
1155 3929 1338 4013 interpolato
1362 3927 1386 3992 Ο
1410 3930 1460 3992 οὐκ

379 4047 416 4114 άν
447 4048 621 4126 παρέλιπον,
654 4069 690 4110 ex
717 4068 784 4109 mea
806 4047 981 4111 coniectura
1003 4043 1100 4116 οίτινες
1123 4066 1178 4128 pro
1203 4045 1253 4117 τήν
1277 4051 1307 4106 et
1330 4040 1461 4120 άπογρά-

379 4169 485 4244 φοντες
514 4162 689 4241 άπίνραφον
720 4182 774 4244 pro
804 4160 996 4239 άπένραφον,
1029 4158 1162 4242 denique
1191 4178 1259 4219 cum
1288 4155 1414 4219 Beiskio
1440 4152 1462 4218 ά

380 4274 438 4350 ἐγώ
476 4295 530 4357 pro
566 4273 655 4349 λέγω.
709 4272 869 4356 scripserit
900 4273 995 4356 igitur
1025 4270 1148 4356 Lysias:
1185 4269 1278 4334 καίτοι
1310 4267 1396 4334 τοῦτό
1425 4291 1464 4343 νε

380 4386 469 4450 παντί
501 4386 679 4469 εὔγνωστον,
703 4385 746 4450 ότι
769 4379 819 4450 οὐκ
842 4384 877 4450 άν
901 4386 1059 4467 παρέλιπον
1066 4432 1076 4462 ,
1100 4383 1126 4447 εί
1146 4409 1175 4448 τι
1198 4383 1274 4447 άλλο
1298 4385 1354 4446 τῶν
1378 4379 1464 4459 Ἐρά-

1635 527 1672 1392 ί
