3364 5502
1263 613 1307 654 VH

220 798 275 883 qui
290 795 463 882 postulent,
488 805 522 857 ut
545 793 603 857 sibi
625 793 747 868 omnia,
773 803 921 878 tanquam
944 794 1051 856 nutris
1066 793 1199 877 infanti,
1211 815 1306 880 prae·

221 917 373 991 mondas;
396 914 580 978 commentar
601 934 670 976 cero
693 923 806 988 metuo,
831 923 865 974 ut
888 913 976 998 opud
995 911 1154 997 plerosque
1172 912 1307 998 philolo-

217 1056 271 1120 9os
298 1035 436 1119 qratiam
466 1032 600 1095 initurus
623 1031 775 1116 fuissem,
808 1030 837 1092 si
860 1027 1109 1115 Leaicoioporum
1132 1041 1160 1093 et
1190 1028 1307 1095 Gram-

219 1153 400 1215 maticorum
430 1151 544 1214 scrinia
566 1148 794 1234 compilassem,
819 1149 847 1210 si
869 1149 985 1232 copiose
1008 1149 1045 1210 de
1070 1148 1209 1211 omnibus
1232 1170 1304 1212 corc-

219 1271 357 1346 ieeturis‚
398 1290 474 1354 quae
513 1270 547 1332 in
565 1299 568 1306 ·
587 1266 721 1352 siupuios
755 1265 833 1328 iocos
867 1287 888 1327 a
923 1266 997 1328 uiris
1034 1266 1128 1329 doctis
1161 1265 1308 1353 prolatae

220 1399 331 1464 esseut,
357 1388 579 1472 disputassem,
604 1386 633 1448 si
647 1385 791 1468 maique,
812 1383 903 1468 quasi
916 1383 1006 1446 lector
1021 1382 1127 1468 hospes
1142 1383 1177 1445 in
1194 1382 1308 1468 [lysiae

220 1505 406 1568 orationibus
441 1515 532 1580 esset,
569 1503 676 1587 ubique
707 1499 832 1575 ξενκγοῦ
859 1512 968 1586 portes
1000 1501 1204 1585 suscepissem.
1253 1502 1309 1566 Me

219 1623 341 1707 quidem
364 1622 514 1686 eiusmodi
536 1621 756 1705 disputationes
780 1619 878 1682 taedet
900 1618 1008 1704 lepore,
1033 1619 1147 1681 nedum
1170 1620 1306 1684 sordere.

220 1739 358 1816 Accedit,
383 1740 465 1824 quod
486 1738 532 1801 od
554 1739 619 1800 sine
642 1737 701 1800 tali
722 1748 834 1799 ornatu
857 1736 940 1822 quad
961 1757 1065 1799 oerum
1089 1748 1132 1800 est
1154 1738 1305 1815 emicabit,

220 1858 301 1942 quod
322 1856 448 1941 falsum
478 1867 535 1932 est,
560 1855 753 1940 quantumuis
777 1853 884 1939 amplo
909 1854 1082 1938 defensioue
1105 1855 1305 1934 iustmctum,

219 1985 323 2059 sponte
346 1975 486 2038 occcidet.
541 1971 630 2052 Quod
650 1972 747 2036 nolim
770 1971 906 2035 lectorem
925 1972 967 2034 sic
983 1973 1198 2057 interpretari,
1216 1974 1307 2058 quasi

219 2102 284 2154 tam
315 2093 434 2177 ineptus
463 2092 539 2167 dm,
564 2102 599 2153 ut
620 2091 762 2166 credam,
787 2111 888 2153 omncs
912 2111 995 2152 oseas
1017 2091 1203 2154 coniecturas
1225 2091 1307 2154 ciro-

219 2231 291 2271 rum
315 2210 471 2273 doctorum
494 2229 652 2271 assensum
675 2207 795 2272 laturas
818 2229 888 2271 esse.
946 2206 1000 2270 Vel
1021 2207 1164 2294 oestipia,
1189 2219 1224 2271 ut
1239 2207 1308 2270 uui-

216 2347 288 2412 pem
311 2327 345 2389 in
360 2326 495 2411 fabula,
520 2347 567 2388 me
590 2327 758 2401 deterrent,
782 2336 816 2387 ut
839 2336 904 2388 tam
927 2325 1084 2410 mapmfice
1108 2326 1145 2388 de
1169 2347 1216 2388 me
1239 2347 1306 2389 scn-

217 2445 305 2507 tiam.
360 2442 420 2506 Ubi
446 2443 526 2506 enim
549 2443 652 2519 video,
675 2443 720 2505 nei
743 2443 932 2505 mutissimos
956 2454 984 2505 et
1013 2440 1196 2507 Graecitatis
1220 2443 1308 2529 ionpo

218 2584 277 2624 usu
299 2560 584 2647 inteilipentissimas
598 2560 678 2623 uiros
694 2581 732 2622 ne
748 2560 913 2622 dimidiam
927 2560 1050 2644 quidem
1065 2562 1308 2624 coniecturarum

213 2689 340 2764 partem
371 2679 494 2742 caeteris
519 2678 715 2764 probavisse,
747 2678 876 2740 tironem
901 2689 994 2755 certe,
1019 2677 1121 2763 qualis
1145 2699 1196 2764 epo
1220 2701 1307 2756 sum,

218 2817 279 2858 non
315 2797 394 2860 decet
428 2794 536 2858 nulius
572 2796 609 2858 de
643 2816 704 2858 sese
735 2795 887 2880 supinari
893 2819 905 2869 ,·
936 2796 997 2858 imo
1018 2817 1207 2881 persuasum
1229 2796 1308 2859 mitt

219 2925 278 2989 est,
302 2913 375 2999 fore
405 2923 440 2975 ut
474 2910 591 3007 muita,
624 2933 701 2997 quae
732 2935 813 2975 nunc
829 2913 975 2998 probem,
995 2925 1104 2998 postca
1127 2937 1147 2977 a
1171 2915 1309 2999 meipso

218 3031 437 3116 improbentur,
462 3030 516 3114 qui
537 3030 603 3092 iam
625 3052 724 3107 nunc,
740 3029 788 3092 icis
803 3030 977 3093 lectionibus
993 3031 1045 3093 circ
1060 3032 1142 3116 typis
1157 3033 1307 3110 occussis,

219 3170 314 3232 quum
341 3147 438 3209 indici
458 3146 639 3233 conficiendo
662 3168 788 3231 operam
811 3147 943 3224 dabam,
968 3148 1239 3211 animadverterim
1262 3169 1310 3211 me

219 3263 264 3326 bis
299 3284 416 3326 errasse
450 3263 484 3324 in
515 3284 625 3325 caussa
655 3263 843 3348 corruptelae
873 3263 1053 3326 indicanda.
1101 3263 1197 3328 Prior
1228 3265 1310 3328 locon

219 3381 328 3467 iepitur
339 3383 371 3444 in
390 3378 443 3444 Or.
460 3379 534 3457 XV,
548 3382 563 3464 ᾗ
576 3381 608 3456 3,
620 3381 687 3457 oti,
704 3403 798 3466 quum
804 3402 867 3466 pro
878 3378 978 3456 ἐμβάς
990 3382 1179 3445 coniecissem
1190 3382 1309 3458 ἀναβὰς

220 3499 249 3560 ἐν
272 3503 357 3575 ταῖς,
383 3498 486 3560 minus
508 3509 585 3561 recte
603 3498 732 3574 addidi,
750 3495 849 3573 ἐμβάς
866 3510 1045 3584 corruptum
1061 3520 1122 3562 esse
1137 3520 1174 3563 esc
1189 3497 1309 3574 ἀναβάς

220 3627 247 3678 et
278 3613 423 3679 vocabula
454 3615 483 3677 ἐν
513 3621 580 3684 ταῖς
612 3615 725 3678 omissa
757 3635 837 3690 csse;
861 3615 994 3699 facilius
1017 3618 1099 3679 enim
1121 3617 1309 3702 corruptelae

219 3732 366 3818 mupinem
390 3731 432 3794 sic
454 3731 600 3817 eapic‘ces,
629 3743 664 3795 ut
687 3732 772 3795 dicos
795 3731 823 3793 ἐν
846 3738 914 3802 ruis
937 3732 1012 3796 oiim
1035 3734 1182 3797 ornissum
1199 3746 1310 3820 postea

220 3909 465 3994 suprascriptum
496 3929 557 3971 csse
581 3908 750 3992 participio
780 3903 900 3983 ἀναβάς
932 3920 960 3972 et
982 3930 1019 3974 ea·
1042 3907 1165 3973 lectione
1188 3878 1308 4043 ZZZ

221 4096 392 4149 monstrum
423 4081 524 4160 ἐμβάς
555 4096 664 4148 natum
695 4105 766 4147 esse.
821 4083 900 4146 Tum
930 4085 964 4148 in
1002 4083 1056 4149 Or.
1085 4084 1199 4163 XIII,
1224 4086 1239 4168 ᾗ
1265 4085 1307 4149 87

220 4203 311 4266 cerba
335 4202 357 4300 δο
370 4200 545 4270 ἀποκτείνας
569 4223 650 4264 nunc
673 4223 734 4264 non
750 4201 860 4263 addito
880 4201 1019 4265 euistimo
1034 4203 1079 4264 ad
1093 4202 1310 4288 enplr'caudum

221 4319 398 4382 locutionem
429 4318 475 4379 ἐπ’
499 4317 656 4397 αὐτοφώρῳ
678 4317 714 4380 σὺ
738 4312 781 4394 si,
810 4318 865 4381 sed
887 4318 932 4380 ad
953 4318 1176 4384 illustrandum
1193 4338 1310 4405 prono·

343 4433 348 4456 Ι

221 4457 290 4500 men
314 4457 360 4498 συ.
