3364 5502
657 575 773 618 onanro
798 575 888 620 xm.
1267 557 1309 619 68

221 753 349 829 σάμενοι.
392 751 494 833 Passio
519 753 641 838 quidem
674 753 748 819 heae
768 753 862 838 Lysia
879 753 1019 838 digniora
1037 754 1162 818 reddere
1182 753 1312 838 legendo

221 867 310 932 υίκίαν
334 889 388 953 pro
411 869 527 944 οὐσίαν,
552 890 630 950 quae
647 867 796 932 voeabula
812 868 924 952 passim
941 868 972 932 in
990 867 1148 933 codicibus
1165 867 1312 932 confundi

222 1002 312 1045 nemo
331 981 448 1066 estqui
471 982 603 1059 neseiat,
625 979 678 1045 sed
700 981 767 1044 vide
787 1003 825 1044 an
846 1003 906 1044 non
920 988 1053 1064 praestet
1066 989 1166 1044 totum
1179 981 1257 1045 illud
1270 983 1314 1046 in·

223 1095 299 1160 utile
329 1117 462 1159 comma:
494 1089 545 1159 διά
575 1096 608 1160 τί
631 1096 674 1173 μη
697 1099 749 1170 την
775 1095 859 1159 πάλιν
882 1096 967 1159 άλλθι
989 1097 1041 1169 την
1063 1096 1162 1159 οὐσίαν
1184 1095 1313 1174 πατρίδα

222 1209 334 1280 ἑαυτοῖς
366 1211 519 1285 ἡγεῖσθαι,
552 1232 606 1292 pro
638 1209 835 1272 annotatione
863 1207 974 1271 habero
998 1207 1127 1271 alieuius
1151 1207 1312 1285 Rhetoris,

223 1321 277 1404 qni
306 1332 414 1386 naotus
448 1322 547 1385 locum
581 1343 791 1398 eommunom,
824 1323 874 1384 nbi
903 1323 985 1396 θωνα,
1019 1322 1061 1384 ibi
1080 1320 1214 1402 patriam
1236 1343 1313 1398 νινε,

224 1455 285 1498 non
313 1433 447 1519 potuerit
477 1457 509 1498 se
532 1435 709 1511 continere,
734 1434 807 1517 quin
833 1456 889 1496 sno
912 1456 995 1498 more
1019 1434 1085 1498 eius
1109 1432 1313 1517 metaphrasin

225 1547 327 1623 daret,
353 1546 433 1610 bello
456 1548 515 1610 isto
539 1547 691 1610 antitheto
715 1556 865 1610 ornatam.

270 1659 308 1721 In
333 1660 350 1744 t
374 1659 463 1722 initio
486 1660 567 1722 idem
591 1659 799 1723 Franolrenius
823 1669 903 1723 reete
926 1668 1014 1723 notat
1037 1660 1079 1724 θτι
1102 1659 1159 1734 άν,
1183 1681 1313 1742 proquo

176 1852 184 1868 ·
227 1778 422 1834 tamencum
447 1773 511 1835 viro
535 1773 701 1836 clarissimo
726 1795 785 1836 non
809 1772 934 1857 legerim
957 1771 1000 1838 ὅτι
1023 1771 1099 1852 τάχ’
1122 1771 1168 1837 άν.
1216 1772 1315 1856 Magis

228 1883 391 1969 Lysiaoum
415 1895 491 1971 puto
514 1886 557 1950 θτι
581 1887 667 1962 ἡδέως
691 1886 738 1953 νῖν.

271 2002 341 2083 tt.
390 2003 435 2066 Οὐ
459 2004 550 2066 τοίνυν
572 2003 628 2065 οὐδ’
654 2001 747 2082 ὥσπερ
772 2001 836 2067 ἔνιοί
859 2025 933 2073 τινες
957 2008 1013 2065 τῶν
1036 2007 1160 2066 πολιτῶν
1182 2002 1315 2079 μετεβά-

226 2129 324 2198 λοντο,
356 2117 452 2190 ἐπειδη
477 2118 562 2193 ἑάρων
586 2116 652 2189 τοὺς
675 2117 735 2181 άπὸ
761 2127 858 2193 Φυλῆς
878 2119 908 2182 ἐν
930 2111 970 2187 οἷς
994 2115 1135 2196 ἔπραττον
1159 2115 1315 2197 εὐτυχοῦν-

226 2253 299 2306 τας,
331 2231 392 2295 οὐδὲ
422 2231 528 2295 τούτων
561 2256 589 2296 τι
612 2240 667 2296 τῶν
692 2232 909 2312 εὐτυχημάτων
933 2230 1034 2307 ἠξίωσε
1058 2237 1243 2311 μετασχεῖν,
1268 2230 1315 2294 ε’πί

226 2344 477 2423 κατεργασαμένῳ
507 2347 562 2426 (sio
593 2346 672 2428 cod.)
703 2350 821 2422 μάλλον
847 2347 937 2408 ἐλθεῖν
963 2343 1139 2421 βουλθμενος
1163 2345 1179 2418 ἢ
1203 2368 1315 2421 συγκα-

227 2458 338 2521 τελθεῖν
360 2455 620 2536 κατεργασάμενός
642 2483 670 2522 τι
695 2463 750 2521 τῶν
773 2468 811 2539 τῇ
837 2468 911 2540 κοινῇ
936 2457 1069 2540 πολιτείᾳ
1092 2456 1315 2538 συμφερόντων·

227 2571 284 2633 οὐδ’
318 2568 400 2645 ἦλθεν
430 2574 469 2643 είς
500 2571 548 2636 τὸν
571 2576 709 2652 Πειραιοῖ,
736 2574 794 2637 οὐδ’
816 2576 893 2636 ἔστιν
915 2569 984 2637 ὅπου
1011 2571 1113 2637 ἑαυτὸν
1137 2572 1203 2648 ὑμῖν
1226 2569 1315 2646 τάξαι

228 2684 372 2765 παρέσχε.

274 2798 374 2862 Loons
397 2799 596 2863 multifariam
619 2803 791 2884 corruptus.
840 2801 977 2864 Primum
1001 2823 1055 2884 pro
1080 2825 1108 2864 τι
1117 2814 1129 2874 ,“
1148 2797 1231 2882 qnod
1251 2798 1279 2860 h.
1295 2798 1315 2860 l.

229 2934 266 2975 ne
299 2913 448 2977 Graecum
480 2913 604 2996 quidem
628 2924 691 2991 est,
717 2915 869 2977 levissima
892 2914 1063 2977 mutatione
1087 2912 1249 2996 legendum
1273 2934 1318 2974 ar·

230 3025 324 3089 bitror
355 3049 410 3101 γε,
436 3024 474 3088 ad
497 3027 671 3110 exemplum
697 3027 756 3090 loci
779 3027 811 3090 in
834 3027 851 3111 θ
878 3029 927 3091 13.
974 3025 1119 3110 Sequitur
1142 3025 1191 3090 ε’πί
1214 3049 1316 3104 κατερ-

227 3143 406 3222 γασαμένῳ,
443 3139 525 3224 quod
557 3148 725 3205 monstrum
760 3143 819 3206 iam
851 3141 903 3204 alii
936 3150 1175 3224 procuraverunt
1206 3138 1315 3202 substi-

229 3255 346 3318 tuendo
362 3254 410 3318 ε’πῖ
426 3247 693 3334 κατειργασμένου.
715 3255 846 3317 Gravior
862 3253 1036 3337 corruptela
1054 3253 1143 3317 verba
1158 3253 1190 3316 in
1208 3253 1317 3317 vicinia

230 3367 360 3444 invasit,
388 3367 442 3432 ubi
465 3368 545 3431 inter
569 3367 629 3431 elia
651 3368 793 3453 displicet
816 3369 907 3433 ε’λθεῖν
930 3367 969 3432 de
992 3367 1091 3432 reditu
1116 3375 1316 3452 usurpatum3

231 3481 370 3566 suspicor
401 3481 477 3545 adeo
508 3481 546 3544 ad
570 3481 756 3546 infinitivum
781 3483 872 3547 ε’λθεῖν
895 3482 969 3545 olim
992 3483 1024 3545 in
1048 3483 1184 3566 margine
1208 3481 1318 3544 adseri·

232 3603 313 3678 ptam
330 3595 423 3658 inisse
441 3595 555 3659 variam
571 3617 700 3678 eamque
717 3596 863 3660 veriorem
881 3595 1044 3660 lectionem
1060 3597 1221 3672 κατελθεῖν,
1240 3615 1318 3678 quae

230 3717 336 3792 postea
359 3709 457 3772 alieno
481 3708 548 3773 loeo
571 3709 603 3772 in
627 3717 747 3772 textum
770 3709 936 3793 irrepserit.
972 3709 1085 3772 Totum
1110 3709 1211 3772 locum
1223 3707 1318 3790 igitur

229 3823 272 3884 sio
295 3823 524 3886 constituerim:
548 3821 595 3885 ἐπί
620 3821 878 3902 κατειργασμένοις
902 3827 1019 3898 μάλλον
1043 3823 1194 3888 κατελθεῖν
1212 3818 1317 3898 βουλά·

228 3959 312 4012 μενος
336 3936 352 4009 ἢ
376 3935 700 4014 συγκατεργασάμενος
722 3959 750 3999 τι
773 3940 830 4000 τῶν
854 3937 914 4002 κτὲ.

273 4050 291 4134 θ
317 4051 365 4113 lo.
413 4050 622 4113 ’Τπολείπεται
650 4048 743 4113 τοίνυν
775 4051 854 4130 αὐτῷ
885 4052 984 4126 λέγειν
1005 4052 1042 4121 ὡς
1065 4051 1106 4131 τῷ
1128 4049 1181 4126 μὲν
1203 4047 1319 4124 σάματι

230 4162 271 4225 δι’
294 4159 441 4227 άσθένειάν
464 4186 530 4225 τινα
552 4160 706 4238 γενομένην
729 4162 871 4233 άθθνοιτος
893 4163 1023 4237 κατέστη
1046 4161 1187 4238 βοηθῆσαι
1211 4161 1250 4234 είς
1270 4160 1319 4224 τὸν

231 4279 370 4356 Πειραιοῖ,
394 4276 454 4339 άπὸ
477 4275 506 4339 δὲ
527 4281 584 4341 τῶν
607 4273 795 4355 ὑπαρχόντων
817 4275 1075 4354 ἐπαγγειλάμενοι
1098 4275 1185 4345 αὐτὸς
1209 4274 1318 4355 ἢχρνί·

162 4377 165 4381 ’
231 4387 305 4464 ματ’
324 4390 496 4465 εἰσενεγκεῖν
519 4389 558 4460 είς
581 4388 614 4453 τί
637 4391 743 4461 πλῆθος
766 4392 799 4455 τὸ
823 4389 956 4470 ὑμέτερον
980 4389 997 4464 ἢ
1021 4389 1139 4453 ὁπλίσαι
1164 4389 1246 4460 τινάς
1262 4392 1318 4452 τῶν
