3364 5502
357 593 401 653 44
798 614 913 658 enarro
936 614 988 659 xx.

355 789 498 873 quinam,
534 789 616 873 quod
650 812 829 874 praemoneo
861 800 984 875 propter
1008 789 1255 870 Franckenium‚
1285 794 1339 877 qui
1362 793 1440 858 locis

355 902 506 985 corruptis
527 902 623 966 fretus
647 902 787 986 perhibet
811 912 965 968 auctorem
992 905 1082 968 huius
1107 906 1272 982 orationis,
1299 908 1440 990 quisquis

356 1015 479 1078 tandem
502 1015 575 1092 fuit,
601 1038 661 1078 non
678 1024 798 1080 tantum
815 1017 948 1081 Graecae
964 1018 1089 1101 linguae
1104 1018 1265 1102 ignarum,
1283 1020 1441 1084 sedetiam

356 1127 507 1191 hominem
533 1129 593 1191 fere
616 1129 815 1213 desipientem
839 1136 870 1194 et
893 1131 1014 1194 aniliter
1038 1133 1221 1214 garrientem
1244 1132 1348 1197 fuisse.
1388 1133 1440 1197 Me

357 1252 458 1305 autem
485 1241 586 1306 iudice
613 1243 735 1326 scripsit
765 1243 843 1306 hanc
872 1245 1040 1307 orationem
1063 1244 1165 1308 nescio
1189 1246 1258 1326 quis
1284 1246 1362 1309 bello
1387 1245 1442 1310 Pe·

355 1355 569 1439 loponnesiaco
604 1355 641 1419 ad
676 1357 767 1420 finem
802 1369 961 1441 vergente,
996 1354 1138 1433 „crasso”
1174 1358 1299 1443 quidem
1323 1355 1440 1434 ‚,filo‚''

357 1478 490 1532 attamen
522 1490 659 1532 sermone
687 1470 806 1547 Attico,
831 1471 884 1554 qui
908 1469 1006 1534 sicubi
1030 1492 1047 1532 a
1071 1468 1202 1534 librariis
1227 1471 1440 1554 pessumdatus

357 1590 419 1659 cst,
443 1589 581 1645 nostrum
605 1590 652 1646 est
674 1583 701 1646 ei
726 1583 888 1668 antiquum
912 1583 1042 1646 nitorem
1066 1582 1200 1646 reddere.

402 1697 448 1759 Ac
481 1697 612 1780 primum
642 1698 676 1759 ni
705 1696 793 1760 fallor
824 1697 1018 1761 scribendum
1048 1697 1107 1773 ἐγὼ
1137 1697 1191 1772 μὲν
1213 1718 1268 1780 pro
1292 1698 1306 1762 οΙ
1330 1699 1383 1772 μὲν
1405 1698 1438 1761 in

355 1812 372 1895 q
395 1814 429 1872 4:
451 1811 557 1882 Ὅστις
579 1811 632 1886 μὲν
654 1807 701 1875 οὖν
723 1809 827 1886 ἄτομος
843 1811 895 1888 ὤν,
912 1811 999 1875 κακόν
1014 1834 1042 1874 το
1058 1808 1258 1891 ἐργασάμενος
1276 1811 1304 1873 ἐν
1319 1813 1360 1890 τῷ
1374 1811 1441 1891 τρό-

356 1925 419 1987 σθεν
441 1924 549 2003 χρόνον,
573 1924 672 2004 ἑτέρας
696 1924 843 1994 πολιτείας
865 1924 1046 2003 ἐπεθύμησε,
1071 1923 1119 1987 δνσὶ
1142 1924 1182 1987 τοὶ
1205 1924 1323 2002 πρόσθεν
1344 1923 1441 2002 alpap-

355 2038 480 2112 τήματα
503 2037 592 2100 αὑτοῦ
613 2033 685 2100 ἕνεκ’
707 2034 743 2100 ἂν
765 2037 911 2116 ἔτραττε·
934 2037 1025 2116 τούτῳ
1048 2037 1078 2100 δὲ
1100 2042 1224 2100 τοιοῦτον
1247 2037 1323 2101 οὐδὲν
1348 2037 1442 2115 ἡμαρ-

356 2173 462 2226 rarat,
493 2148 566 2214 ὥστε
597 2149 614 2224 ἢ
645 2151 734 2214 αὑτοῦ
764 2147 848 2213 ἕνεκα
878 2157 973 2226 ρασεῑν
1002 2149 1036 2214 τὸ
1061 2151 1168 2224 πλῆθος
1191 2150 1224 2213 τὸ
1248 2149 1399 2233 ὑμέτερον,
1423 2149 1440 2224 ἢ

357 2268 412 2328 τῶν
435 2263 553 2327 παίδων.
587 2265 624 2327 ‘0
648 2265 701 2339 μὲν
723 2263 783 2343 γὰρ
806 2266 834 2327 ἐν
859 2263 981 2344 Σικελία
1003 2259 1049 2338 ἦν,
1074 2263 1097 2326 οἱ
1117 2263 1141 2326 δ’
1157 2265 1185 2327 ἐν
1201 2269 1350 2334 Βοιωτοῖς·
1367 2261 1441 2327 ὥστε

357 2377 431 2453 μηδὲ
461 2377 567 2441 τούτων
597 2375 681 2440 ἕνεκα
712 2376 811 2455 ἑτέρας
841 2377 990 2448 πολιτείοις
1021 2377 1214 2453 ἐτνθνροῆσανε
1245 2376 1311 2460 ipse
1340 2377 1440 2453 enim,

359 2490 413 2574 qui
436 2488 515 2552 hanc
539 2489 706 2552 orationem
731 2489 840 2565 habet,
864 2490 964 2553 fuerat
986 2491 1018 2553 in
1042 2489 1146 2553 Sicilia
1168 2497 1246 2553 teste
1267 2491 1285 2573 q
1308 2490 1349 2551 24
1374 2511 1441 2573 sqq.

360 2602 455 2666 Plane
487 2602 593 2666 eodem
618 2601 708 2665 modo
731 2603 763 2665 in
787 2604 803 2686 q
827 2605 868 2665 23
893 2602 971 2665 duae
995 2603 1108 2686 priores
1132 2602 1250 2664 litterae
1273 2603 1443 2684 perierant,

358 2717 411 2781 ubi
442 2737 496 2800 pro
523 2711 593 2779 ὅσων
617 2714 756 2778 Dobraeo
781 2714 929 2778 suadente
953 2713 1088 2778 Cobetus
1111 2714 1143 2776 in
1168 2712 1301 2778 editione
1325 2714 1384 2785 νεὸς
1407 2715 1442 2778 ὤν

358 2830 504 2894 restituit.

400 2946 417 3027 p
442 2945 492 3005 18.
539 2941 595 3006 Kal
621 2941 663 3019 pir
688 2941 874 3025 θαυμάζετε,
898 2937 919 3005 ὦ
942 2939 1040 3021 ἄνδρες
1064 2940 1215 3022 δικασταί,
1240 2935 1283 3006 ὅτι
1305 2946 1438 3005 τοσαῦτα

354 3052 438 3136 ὦφλε
471 3055 627 3136 χρήματα.
670 3055 798 3133 ”Erana
827 3057 887 3135 γαρ
919 3053 1006 3120 αὐτὸν
1029 3052 1190 3131 λαβόντες,
1216 3055 1305 3118 αὐτοῦ
1328 3077 1363 3117 τε
1386 3053 1436 3117 καὶ

356 3171 436 3246 ἡμῶν
465 3175 690 3248 κατηγοροῦντες
715 3163 799 3233 εἷλον.
840 3170 890 3248 Τῷ
913 3168 967 3245 μὲν
997 3167 1056 3248 γαρ
1079 3167 1136 3230 οὐδ’
1159 3167 1185 3231 εἴ
1205 3191 1249 3240 τνρ
1273 3162 1340 3246 εἶχε
1362 3190 1436 3245 ρααρ-

355 3284 471 3363 τυρίαν,
495 3278 561 3363 εἶχε
584 3281 730 3366 (Cobetus
755 3281 852 3346 edidit
873 3281 997 3364 ἐτόλμα)
1021 3286 1175 3360 μαρτυρεῖν
1197 3280 1245 3344 na
1267 3280 1301 3344 τὸ
1324 3280 1382 3351 δέος
1406 3279 1440 3344 τὸ

354 3403 409 3462 τῶν
431 3396 616 3478 κατηγόρων,
640 3403 699 3468 τοῖς
723 3396 752 3460 δὲ
774 3396 823 3460 καὶ
847 3395 889 3460 τοὶ
911 3394 1004 3473 ψευδῆ
1026 3393 1179 3464 δεδορκότες
1203 3393 1386 3473 ἐμαρτύρουν.

400 3510 600 3574 Manifestum
625 3517 670 3574 est
693 3518 847 3574 auctorem
870 3509 963 3572 huius
987 3508 1133 3571 orationis
1157 3507 1231 3571 haec
1247 3507 1441 3574 sicscribere

356 3646 418 3687 nou
441 3624 586 3708 potuisse.
634 3623 799 3706 Polystrati
821 3622 894 3700 lilii,
919 3621 971 3705 qui
996 3643 1049 3706 per
1065 3624 1144 3697 ἡμῶν
1159 3620 1369 3705 designantur,
1387 3628 1441 3685 aut

358 3737 523 3802 adfuerunt
555 3738 586 3802 in
617 3737 709 3815 urbe,
742 3759 837 3820 quum
870 3744 956 3822 pater
987 3742 1199 3811 accusaretur,
1228 3743 1367 3798 autnon
1390 3735 1441 3798 ad·

359 3851 502 3916 fuerunt:
533 3853 558 3915 si
581 3851 660 3915 illud
684 3873 807 3928 verum,
832 3858 918 3935 pater
941 3850 1048 3932 nequit
1071 3848 1133 3912 dici
1155 3848 1257 3930 ἔρημος
1279 3850 1441 3931 ληφθῆναι

358 3965 406 4029 siu
431 3965 508 4042 hoc,
534 3966 644 4043 miror,
669 3987 762 4050 quare
786 3987 848 4028 nou
871 3964 926 4028 filii
950 3984 1090 4047 quoque,
1115 3963 1168 4046 qui
1192 3983 1338 4026 unacum
1355 3969 1440 4046 patre

361 4079 494 4143 accusati
517 4078 679 4156 dicuntur,
704 4078 839 4142 damnati
866 4079 944 4156 sint,
969 4077 1146 4170 praesertim
1170 4097 1266 4158 quum
1290 4075 1345 4138 illo
1368 4083 1443 4140 tem·

360 4215 433 4277 pore
458 4192 597 4256 abessent
620 4191 658 4254 ab
682 4192 766 4257 urbe.
817 4193 955 4275 Augetur
978 4189 1139 4254 difficultas
1159 4210 1208 4267 eo,
1226 4187 1310 4274 quod
1327 4197 1445 4274 praeter

358 4306 416 4369 hoc
447 4305 515 4369 loco
538 4327 690 4388 nusquam
713 4306 746 4370 in
771 4306 828 4370 hac
852 4306 989 4369 oratione
1011 4303 1066 4368 filii
1089 4303 1236 4367 dicuntur
1258 4304 1353 4388 patris
1377 4326 1446 4368 cau·
1523 4387 1530 4406 1

360 4419 401 4482 sis
424 4418 565 4505 impliciti
590 4417 700 4496 fuisse,
726 4418 814 4485 cuius
838 4419 881 4481 rei
905 4418 1091 4484 mentionem
1117 4415 1214 4481 lacere
1234 4418 1282 4481 sui
1293 4416 1446 4504 purgandi
