<?xml version="1.0" encoding="UTF-8"?>
<!DOCTYPE html PUBLIC "-//W3C//DTD XHTML 1.0 Transitional//EN"
    "http://www.w3.org/TR/xhtml1/DTD/xhtml1-transitional.dtd">
<html xmlns="http://www.w3.org/1999/xhtml" xml:lang="en" lang="en">
 <head>
  <title>
</title>
<meta http-equiv="Content-Type" content="text/html;charset=utf-8" />
  <meta name='ocr-system' content='tesseract 3.04.00' />
  <meta name='ocr-capabilities' content='ocr_page ocr_carea ocr_par ocr_line ocrx_word'/>
</head>
<body>
  <div class='ocr_page' id='page_1' title='image "./lectioneslysica00halbgoog_0066.png"; bbox 0 0 3364 5502; ppageno 0'>
   <div class='ocr_carea' id='block_1_1' title="bbox 638 547 1321 626">
    <p class='ocr_par' dir='ltr' id='par_1_1' title="bbox 638 547 1321 626">
     <span class='ocr_line' id='line_1_1' title="bbox 638 547 1321 626; baseline 0.004 -5"><span class='ocrx_word' id='word_1_1' title='bbox 638 547 640 552; x_wconf 72' lang='grc'><strong>’</strong></span> <span class='ocrx_word' id='word_1_2' title='bbox 666 577 781 623; x_wconf 75' lang='lat' dir='ltr'>omero</span> <span class='ocrx_word' id='word_1_3' title='bbox 805 578 878 626; x_wconf 82' lang='lat' dir='ltr'>xxv.</span> <span class='ocrx_word' id='word_1_4' title='bbox 1281 565 1321 626; x_wconf 77' lang='lat'>51</span> 
     </span>
    </p>
   </div>
   <div class='ocr_carea' id='block_1_2' title="bbox 277 754 1324 842">
    <p class='ocr_par' dir='ltr' id='par_1_2' title="bbox 277 754 1324 842">
     <span class='ocr_line' id='line_1_2' title="bbox 277 754 1324 842; baseline 0.003 -24"><span class='ocrx_word' id='word_1_5' title='bbox 277 754 348 822; x_wconf 93' lang='lat' dir='ltr'>Non</span> <span class='ocrx_word' id='word_1_6' title='bbox 379 755 499 822; x_wconf 83' lang='lat' dir='ltr'>credam</span> <span class='ocrx_word' id='word_1_7' title='bbox 530 755 733 841; x_wconf 84' lang='lat' dir='ltr'>expungenda</span> <span class='ocrx_word' id='word_1_8' title='bbox 756 780 821 822; x_wconf 86' lang='lat' dir='ltr'>essa</span> <span class='ocrx_word' id='word_1_9' title='bbox 842 757 934 822; x_wconf 83' lang='lat' dir='ltr'>verba</span> <span class='ocrx_word' id='word_1_10' title='bbox 960 757 1112 836; x_wconf 73' lang='grc' dir='ltr'><em>κερδαίνειν</em></span> <span class='ocrx_word' id='word_1_11' title='bbox 1136 758 1171 835; x_wconf 74' lang='grc' dir='ltr'>ἥ,</span> <span class='ocrx_word' id='word_1_12' title='bbox 1196 766 1232 822; x_wconf 88' lang='lat' dir='ltr'>ut</span> <span class='ocrx_word' id='word_1_13' title='bbox 1256 759 1324 842; x_wconf 91' lang='lat' dir='ltr'>qui·</span> 
     </span>
    </p>
   </div>
   <div class='ocr_carea' id='block_1_3' title="bbox 233 869 1420 957">
    <p class='ocr_par' dir='ltr' id='par_1_3' title="bbox 233 869 1420 957">
     <span class='ocr_line' id='line_1_3' title="bbox 233 869 1420 957; baseline 0.003 -23"><span class='ocrx_word' id='word_1_14' title='bbox 233 869 302 934; x_wconf 89' lang='lat' dir='ltr'>dam</span> <span class='ocrx_word' id='word_1_15' title='bbox 324 869 469 948; x_wconf 59' lang='lat' dir='ltr'>nolunt,</span> <span class='ocrx_word' id='word_1_16' title='bbox 499 877 662 953; x_wconf 78' lang='lat' dir='ltr'><strong>antequam</strong></span> <span class='ocrx_word' id='word_1_17' title='bbox 694 870 863 936; x_wconf 79' lang='lat' dir='ltr'>inclinatum</span> <span class='ocrx_word' id='word_1_18' title='bbox 897 871 954 948; x_wconf 89' lang='lat' dir='ltr'>sit,</span> <span class='ocrx_word' id='word_1_19' title='bbox 987 893 1049 956; x_wconf 91' lang='lat' dir='ltr'>quo</span> <span class='ocrx_word' id='word_1_20' title='bbox 1088 870 1179 936; x_wconf 88' lang='lat' dir='ltr'>modo</span> <span class='ocrx_word' id='word_1_21' title='bbox 1214 873 1322 957; x_wconf 89' lang='lat' dir='ltr'>pedem</span> <span class='ocrx_word' id='word_1_22' title='bbox 1418 909 1420 915; x_wconf 39' lang='lat' dir='ltr'>v</span> 
     </span>
    </p>
   </div>
   <div class='ocr_carea' id='block_1_4' title="bbox 212 982 1323 1297">
    <p class='ocr_par' dir='ltr' id='par_1_4' title="bbox 212 982 1323 1297">
     <span class='ocr_line' id='line_1_4' title="bbox 233 982 1323 1068; baseline 0.004 -22"><span class='ocrx_word' id='word_1_23' title='bbox 233 983 295 1046; x_wconf 88' lang='lat' dir='ltr'>huo</span> <span class='ocrx_word' id='word_1_24' title='bbox 317 982 488 1048; x_wconf 82' lang='lat' dir='ltr'>intulerint.</span> <span class='ocrx_word' id='word_1_25' title='bbox 531 983 563 1047; x_wconf 83' lang='lat' dir='ltr'>Si</span> <span class='ocrx_word' id='word_1_26' title='bbox 587 983 770 1060; x_wconf 76' lang='lat' dir='ltr'>meaudis,</span> <span class='ocrx_word' id='word_1_27' title='bbox 795 1006 856 1048; x_wconf 87' lang='lat' dir='ltr'>nou</span> <span class='ocrx_word' id='word_1_28' title='bbox 881 983 1115 1068; x_wconf 80' lang='lat' dir='ltr'>interpolatione</span> <span class='ocrx_word' id='word_1_29' title='bbox 1139 984 1257 1049; x_wconf 88' lang='lat' dir='ltr'>laborat</span> <span class='ocrx_word' id='word_1_30' title='bbox 1279 987 1323 1050; x_wconf 95' lang='lat' dir='ltr'>lo-</span> 
     </span>
     <span class='ocr_line' id='line_1_5' title="bbox 234 1095 1322 1182; baseline 0.003 -22"><span class='ocrx_word' id='word_1_31' title='bbox 234 1117 305 1172; x_wconf 85' lang='lat' dir='ltr'>eus,</span> <span class='ocrx_word' id='word_1_32' title='bbox 337 1095 390 1160; x_wconf 89' lang='lat' dir='ltr'>sod</span> <span class='ocrx_word' id='word_1_33' title='bbox 420 1096 527 1160; x_wconf 83' lang='lat' dir='ltr'>leviter</span> <span class='ocrx_word' id='word_1_34' title='bbox 558 1103 680 1160; x_wconf 86' lang='lat' dir='ltr'>tantum</span> <span class='ocrx_word' id='word_1_35' title='bbox 712 1096 809 1162; x_wconf 89' lang='lat' dir='ltr'>eauda</span> <span class='ocrx_word' id='word_1_36' title='bbox 839 1096 981 1161; x_wconf 84' lang='lat' dir='ltr'>vocabuli</span> <span class='ocrx_word' id='word_1_37' title='bbox 1004 1105 1148 1182; x_wconf 79' lang='lat' dir='ltr'>corrupta</span> <span class='ocrx_word' id='word_1_38' title='bbox 1172 1108 1234 1174; x_wconf 85' lang='lat' dir='ltr'>est,</span> <span class='ocrx_word' id='word_1_39' title='bbox 1260 1121 1322 1182; x_wconf 91' lang='lat' dir='ltr'>qno</span> 
     </span>
     <span class='ocr_line' id='line_1_6' title="bbox 212 1208 1321 1297; baseline 0.003 -23"><span class='ocrx_word' id='word_1_40' title='bbox 212 1209 346 1274; x_wconf 87' lang='lat' dir='ltr'>&#39;mendo</span> <span class='ocrx_word' id='word_1_41' title='bbox 380 1208 518 1283; x_wconf 86' lang='lat' dir='ltr'>sublato,</span> <span class='ocrx_word' id='word_1_42' title='bbox 549 1209 667 1273; x_wconf 89' lang='lat' dir='ltr'>nullam</span> <span class='ocrx_word' id='word_1_43' title='bbox 700 1210 833 1294; x_wconf 88' lang='lat' dir='ltr'>amplius</span> <span class='ocrx_word' id='word_1_44' title='bbox 864 1210 1035 1274; x_wconf 81' lang='lat' dir='ltr'>molestiam</span> <span class='ocrx_word' id='word_1_45' title='bbox 1071 1210 1178 1275; x_wconf 88' lang='lat' dir='ltr'>lectori</span> <span class='ocrx_word' id='word_1_46' title='bbox 1212 1213 1321 1297; x_wconf 85' lang='lat' dir='ltr'>pariet.</span> 
     </span>
    </p>
   </div>
   <div class='ocr_carea' id='block_1_5' title="bbox 234 1321 1323 1408">
    <p class='ocr_par' dir='ltr' id='par_1_5' title="bbox 234 1321 1323 1408">
     <span class='ocr_line' id='line_1_7' title="bbox 234 1321 1323 1408; baseline 0.004 -23"><span class='ocrx_word' id='word_1_47' title='bbox 234 1321 455 1407; x_wconf 89' lang='lat' dir='ltr'>Reponendum</span> <span class='ocrx_word' id='word_1_48' title='bbox 486 1323 567 1388; x_wconf 89' lang='lat' dir='ltr'>enim</span> <span class='ocrx_word' id='word_1_49' title='bbox 591 1324 717 1389; x_wconf 75' lang='grc' dir='ltr'><em>πείθουσι</em></span> <span class='ocrx_word' id='word_1_50' title='bbox 740 1347 796 1408; x_wconf 85' lang='lat' dir='ltr'>pro</span> <span class='ocrx_word' id='word_1_51' title='bbox 820 1324 924 1389; x_wconf 75' lang='grc' dir='ltr'><em>πείθειν</em></span> <span class='ocrx_word' id='word_1_52' title='bbox 944 1330 975 1388; x_wconf 95' lang='lat' dir='ltr'>et</span> <span class='ocrx_word' id='word_1_53' title='bbox 995 1325 1012 1400; x_wconf 72' lang='lat' dir='ltr'>r</span> <span class='ocrx_word' id='word_1_54' title='bbox 1032 1323 1265 1408; x_wconf 81' lang='lat' dir='ltr'>explicandum,</span> <span class='ocrx_word' id='word_1_55' title='bbox 1287 1334 1323 1390; x_wconf 84' lang='lat' dir='ltr'>ut</span> 
     </span>
    </p>
   </div>
   <div class='ocr_carea' id='block_1_6' title="bbox 223 1436 1323 4469">
    <p class='ocr_par' dir='ltr' id='par_1_6' title="bbox 223 1436 1323 2657">
     <span class='ocr_line' id='line_1_8' title="bbox 231 1436 1320 1520; baseline 0.006 -22"><span class='ocrx_word' id='word_1_56' title='bbox 231 1436 264 1508; x_wconf 94' lang='lat' dir='ltr'>in</span> <span class='ocrx_word' id='word_1_57' title='bbox 294 1437 311 1520; x_wconf 64' lang='lat' dir='ltr'>t</span> <span class='ocrx_word' id='word_1_58' title='bbox 337 1439 394 1502; x_wconf 80' lang='lat' dir='ltr'>lt:</span> <span class='ocrx_word' id='word_1_59' title='bbox 429 1437 446 1511; x_wconf 75' lang='grc' dir='ltr'>ἢ</span> <span class='ocrx_word' id='word_1_60' title='bbox 473 1443 528 1502; x_wconf 84' lang='grc' dir='ltr'>τῶν</span> <span class='ocrx_word' id='word_1_61' title='bbox 551 1437 719 1516; x_wconf 80' lang='grc' dir='ltr'><em>κατανίρων</em></span> <span class='ocrx_word' id='word_1_62' title='bbox 743 1438 756 1502; x_wconf 81' lang='grc' dir='ltr'>ὁ</span> <span class='ocrx_word' id='word_1_63' title='bbox 778 1437 953 1515; x_wconf 76' lang='grc' dir='ltr'><em>βουλόμενος</em></span> <span class='ocrx_word' id='word_1_64' title='bbox 972 1439 1125 1519; x_wconf 74' lang='grc' dir='ltr'><em>’παρελθὼν</em></span> <span class='ocrx_word' id='word_1_65' title='bbox 1148 1438 1320 1516; x_wconf 71' lang='grc' dir='ltr'><em>ἐλεγξάτωι</em></span> 
     </span>
     <span class='ocr_line' id='line_1_9' title="bbox 231 1549 1323 1638; baseline 0.005 -25"><span class='ocrx_word' id='word_1_66' title='bbox 231 1550 313 1614; x_wconf 87' lang='lat' dir='ltr'>unde</span> <span class='ocrx_word' id='word_1_67' title='bbox 345 1549 419 1616; x_wconf 84' lang='lat' dir='ltr'>haec</span> <span class='ocrx_word' id='word_1_68' title='bbox 450 1551 602 1615; x_wconf 82' lang='lat' dir='ltr'>sententia</span> <span class='ocrx_word' id='word_1_69' title='bbox 633 1559 740 1616; x_wconf 89' lang='lat' dir='ltr'>nostro</span> <span class='ocrx_word' id='word_1_70' title='bbox 765 1550 832 1615; x_wconf 88' lang='lat' dir='ltr'>loeo</span> <span class='ocrx_word' id='word_1_71' title='bbox 857 1551 1015 1635; x_wconf 85' lang='lat' dir='ltr'>aptissima</span> <span class='ocrx_word' id='word_1_72' title='bbox 1039 1551 1203 1616; x_wconf 81' lang='lat' dir='ltr'>efficietur:</span> <span class='ocrx_word' id='word_1_73' title='bbox 1239 1554 1323 1638; x_wconf 68' lang='lat' dir='ltr'>Speo-</span> 
     </span>
     <span class='ocr_line' id='line_1_10' title="bbox 226 1665 1322 1750; baseline 0.005 -24"><span class='ocrx_word' id='word_1_74' title='bbox 226 1665 357 1745; x_wconf 83' lang='lat' dir='ltr'>ptontee</span> <span class='ocrx_word' id='word_1_75' title='bbox 386 1665 454 1741; x_wconf 73' lang='lat' dir='ltr'>tert,</span> <span class='ocrx_word' id='word_1_76' title='bbox 487 1665 618 1750; x_wconf 82' lang='lat' dir='ltr'>quanvis</span> <span class='ocrx_word' id='word_1_77' title='bbox 642 1667 735 1747; x_wconf 78' lang='lat' dir='ltr'>prebe</span> <span class='ocrx_word' id='word_1_78' title='bbox 766 1665 877 1742; x_wconf 68' lang='lat' dir='ltr'>seiont,</span> <span class='ocrx_word' id='word_1_79' title='bbox 905 1667 1024 1750; x_wconf 78' lang='lat' dir='ltr'>quinam</span> <span class='ocrx_word' id='word_1_80' title='bbox 1046 1673 1174 1730; x_wconf 82' lang='lat' dir='ltr'>nestram</span> <span class='ocrx_word' id='word_1_81' title='bbox 1197 1667 1322 1731; x_wconf 74' lang='grc' dir='ltr'><em>ι’νιιοιιίοι</em></span> 
     </span>
     <span class='ocr_line' id='line_1_11' title="bbox 231 1777 1321 1862; baseline 0.004 -22"><span class='ocrx_word' id='word_1_82' title='bbox 231 1777 308 1854; x_wconf 78' lang='lat' dir='ltr'>sint,</span> <span class='ocrx_word' id='word_1_83' title='bbox 345 1778 395 1862; x_wconf 83' lang='lat' dir='ltr'>qrn&#39;</span> <span class='ocrx_word' id='word_1_84' title='bbox 425 1779 525 1844; x_wconf 73' lang='lat' dir='ltr'>mann</span> <span class='ocrx_word' id='word_1_85' title='bbox 549 1801 580 1844; x_wconf 82' lang='lat' dir='ltr'>ee</span> <span class='ocrx_word' id='word_1_86' title='bbox 606 1780 759 1844; x_wconf 71' lang='lat' dir='ltr'>sceleribus</span> <span class='ocrx_word' id='word_1_87' title='bbox 781 1779 1022 1856; x_wconf 73' lang='lat' dir='ltr'>contaminarint,</span> <span class='ocrx_word' id='word_1_88' title='bbox 1047 1786 1189 1844; x_wconf 86' lang='lat' dir='ltr'>eenentnr</span> <span class='ocrx_word' id='word_1_89' title='bbox 1210 1782 1321 1844; x_wconf 84' lang='grc' dir='ltr'><em>ίωοτιιιιι</em></span> 
     </span>
     <span class='ocr_line' id='line_1_12' title="bbox 223 1892 1320 1975; baseline 0.004 -21"><span class='ocrx_word' id='word_1_90' title='bbox 223 1892 331 1975; x_wconf 83' lang='lat' dir='ltr'>ferere</span> <span class='ocrx_word' id='word_1_91' title='bbox 365 1892 386 1955; x_wconf 84' lang='grc' dir='ltr'>ι’.</span> <span class='ocrx_word' id='word_1_92' title='bbox 418 1914 443 1956; x_wconf 86' lang='lat' dir='ltr'>e.</span> <span class='ocrx_word' id='word_1_93' title='bbox 475 1893 602 1958; x_wconf 80' lang='lat' dir='ltr'>insontes</span> <span class='ocrx_word' id='word_1_94' title='bbox 632 1893 787 1957; x_wconf 77' lang='grc' dir='ltr'><em>οσίιινινιίίι</em></span> <span class='ocrx_word' id='word_1_95' title='bbox 817 1893 984 1957; x_wconf 70' lang='lat' dir='ltr'>territantes</span> <span class='ocrx_word' id='word_1_96' title='bbox 1005 1895 1134 1974; x_wconf 80' lang='lat' dir='ltr'>pecnnia</span> <span class='ocrx_word' id='word_1_97' title='bbox 1156 1915 1320 1975; x_wconf 81' lang='grc' dir='ltr'><em>αιαιωιροτο,</em></span> 
     </span>
     <span class='ocr_line' id='line_1_13' title="bbox 231 2005 1322 2089; baseline 0.002 -21"><span class='ocrx_word' id='word_1_98' title='bbox 231 2005 377 2089; x_wconf 78' lang='lat' dir='ltr'>alioquin,</span> <span class='ocrx_word' id='word_1_99' title='bbox 415 2007 456 2086; x_wconf 83' lang='lat' dir='ltr'>(ei</span> <span class='ocrx_word' id='word_1_100' title='bbox 488 2006 521 2070; x_wconf 70' lang='grc' dir='ltr'>αι’</span> <span class='ocrx_word' id='word_1_101' title='bbox 550 2029 653 2072; x_wconf 82' lang='lat' dir='ltr'>manna</span> <span class='ocrx_word' id='word_1_102' title='bbox 682 2029 739 2070; x_wconf 90' lang='lat' dir='ltr'>non</span> <span class='ocrx_word' id='word_1_103' title='bbox 770 2009 856 2082; x_wconf 86' lang='lat' dir='ltr'>dent,</span> <span class='ocrx_word' id='word_1_104' title='bbox 888 2006 967 2070; x_wconf 79' lang='lat' dir='ltr'>litem</span> <span class='ocrx_word' id='word_1_105' title='bbox 1000 2006 1151 2070; x_wconf 82' lang='lat' dir='ltr'>r‘retendnnt</span> <span class='ocrx_word' id='word_1_106' title='bbox 1179 2011 1220 2082; x_wconf 87' lang='lat' dir='ltr'>et)</span> <span class='ocrx_word' id='word_1_107' title='bbox 1245 2007 1322 2070; x_wconf 82' lang='lat' dir='ltr'>nobie</span> 
     </span>
     <span class='ocr_line' id='line_1_14' title="bbox 226 2120 1320 2205; baseline 0.001 -23"><span class='ocrx_word' id='word_1_108' title='bbox 226 2120 420 2198; x_wconf 70' lang='lat' dir='ltr'>persuadent,</span> <span class='ocrx_word' id='word_1_109' title='bbox 444 2142 496 2184; x_wconf 88' lang='lat' dir='ltr'>noe</span> <span class='ocrx_word' id='word_1_110' title='bbox 518 2143 627 2196; x_wconf 82' lang='lat' dir='ltr'>ornnes,</span> <span class='ocrx_word' id='word_1_111' title='bbox 652 2120 704 2205; x_wconf 76' lang='lat' dir='ltr'>qni</span> <span class='ocrx_word' id='word_1_112' title='bbox 725 2121 757 2182; x_wconf 85' lang='lat' dir='ltr'>e&#39;re</span> <span class='ocrx_word' id='word_1_113' title='bbox 781 2121 850 2182; x_wconf 79' lang='lat' dir='ltr'>urbe</span> <span class='ocrx_word' id='word_1_114' title='bbox 873 2121 1077 2197; x_wconf 75' lang='grc' dir='ltr'><em>νιονιιοτὶιιιιιε,</em></span> <span class='ocrx_word' id='word_1_115' title='bbox 1105 2122 1189 2184; x_wconf 82' lang='lat' dir='ltr'>tonos</span> <span class='ocrx_word' id='word_1_116' title='bbox 1213 2123 1320 2198; x_wconf 83' lang='lat' dir='ltr'>motos,</span> 
     </span>
     <span class='ocr_line' id='line_1_15' title="bbox 231 2232 1322 2318; baseline -0.002 -18"><span class='ocrx_word' id='word_1_117' title='bbox 231 2237 460 2318; x_wconf 81' lang='lat' dir='ltr'>unoeederaqae</span> <span class='ocrx_word' id='word_1_118' title='bbox 482 2235 544 2298; x_wconf 82' lang='grc' dir='ltr'><em>ἱοοο</em></span> <span class='ocrx_word' id='word_1_119' title='bbox 566 2235 709 2297; x_wconf 70' lang='lat' dir='ltr'>haberem</span> <span class='ocrx_word' id='word_1_120' title='bbox 732 2256 801 2297; x_wconf 85' lang='lat' dir='ltr'>esee.</span> <span class='ocrx_word' id='word_1_121' title='bbox 857 2232 975 2297; x_wconf 85' lang='lat' dir='ltr'>Ultima</span> <span class='ocrx_word' id='word_1_122' title='bbox 1000 2232 1089 2297; x_wconf 87' lang='lat' dir='ltr'>verba</span> <span class='ocrx_word' id='word_1_123' title='bbox 1112 2232 1246 2297; x_wconf 86' lang='lat' dir='ltr'>reddunt</span> <span class='ocrx_word' id='word_1_124' title='bbox 1265 2233 1322 2298; x_wconf 78' lang='lat' dir='ltr'>leo</span> 
     </span>
     <span class='ocr_line' id='line_1_16' title="bbox 231 2345 1321 2432; baseline -0.001 -19"><span class='ocrx_word' id='word_1_125' title='bbox 231 2349 346 2413; x_wconf 90' lang='lat' dir='ltr'>tionem</span> <span class='ocrx_word' id='word_1_126' title='bbox 372 2370 389 2410; x_wconf 91' lang='lat' dir='ltr'>a</span> <span class='ocrx_word' id='word_1_127' title='bbox 405 2345 663 2412; x_wconf 87' lang='lat' dir='ltr'>Bauohensteinio</span> <span class='ocrx_word' id='word_1_128' title='bbox 679 2346 885 2430; x_wconf 82' lang='lat' dir='ltr'>propositam,</span> <span class='ocrx_word' id='word_1_129' title='bbox 902 2346 954 2420; x_wconf 71' lang='grc' dir='ltr'>τὴν</span> <span class='ocrx_word' id='word_1_130' title='bbox 971 2347 1062 2420; x_wconf 76' lang='grc' dir='ltr'><em>αὐτὴν</em></span> <span class='ocrx_word' id='word_1_131' title='bbox 1077 2347 1211 2424; x_wconf 69' lang='grc' dir='ltr'><em>γνώμην,</em></span> <span class='ocrx_word' id='word_1_132' title='bbox 1229 2370 1321 2432; x_wconf 90' lang='lat' dir='ltr'>quam</span> 
     </span>
     <span class='ocr_line' id='line_1_17' title="bbox 229 2458 1322 2544; baseline 0 -19"><span class='ocrx_word' id='word_1_133' title='bbox 229 2468 263 2525; x_wconf 88' lang='lat' dir='ltr'>ut</span> <span class='ocrx_word' id='word_1_134' title='bbox 295 2460 515 2544; x_wconf 82' lang='lat' dir='ltr'>amplectamur</span> <span class='ocrx_word' id='word_1_135' title='bbox 547 2466 578 2524; x_wconf 91' lang='lat' dir='ltr'>et</span> <span class='ocrx_word' id='word_1_136' title='bbox 610 2459 689 2524; x_wconf 88' lang='lat' dir='ltr'>ratio</span> <span class='ocrx_word' id='word_1_137' title='bbox 720 2459 779 2524; x_wconf 89' lang='lat' dir='ltr'>looi</span> <span class='ocrx_word' id='word_1_138' title='bbox 813 2458 941 2537; x_wconf 87' lang='lat' dir='ltr'>suadet,</span> <span class='ocrx_word' id='word_1_139' title='bbox 966 2467 997 2523; x_wconf 87' lang='lat' dir='ltr'>et</span> <span class='ocrx_word' id='word_1_140' title='bbox 1020 2459 1193 2524; x_wconf 84' lang='lat' dir='ltr'>simillimus</span> <span class='ocrx_word' id='word_1_141' title='bbox 1217 2469 1322 2526; x_wconf 90' lang='lat' dir='ltr'>nostro</span> 
     </span>
     <span class='ocr_line' id='line_1_18' title="bbox 231 2571 721 2657; baseline -0.004 -19"><span class='ocrx_word' id='word_1_142' title='bbox 231 2574 319 2638; x_wconf 90' lang='lat' dir='ltr'>loeus</span> <span class='ocrx_word' id='word_1_143' title='bbox 341 2573 373 2637; x_wconf 93' lang='lat' dir='ltr'>in</span> <span class='ocrx_word' id='word_1_144' title='bbox 399 2571 452 2637; x_wconf 91' lang='lat' dir='ltr'>Or.</span> <span class='ocrx_word' id='word_1_145' title='bbox 478 2571 606 2650; x_wconf 82' lang='lat' dir='ltr'>XXVI,</span> <span class='ocrx_word' id='word_1_146' title='bbox 629 2575 647 2657; x_wconf 65' lang='lat' dir='ltr'>t</span> <span class='ocrx_word' id='word_1_147' title='bbox 671 2575 721 2636; x_wconf 87' lang='grc'>16.</span> 
     </span>
    </p>

    <p class='ocr_par' dir='ltr' id='par_1_7' title="bbox 228 2682 1320 3671">
     <span class='ocr_line' id='line_1_19' title="bbox 273 2682 1320 2772; baseline 0.001 -22"><span class='ocrx_word' id='word_1_148' title='bbox 273 2689 290 2772; x_wconf 66' lang='lat' dir='ltr'>t</span> <span class='ocrx_word' id='word_1_149' title='bbox 314 2690 343 2753; x_wconf 87' lang='lat'>9.</span> <span class='ocrx_word' id='word_1_150' title='bbox 391 2685 547 2766; x_wconf 78' lang='grc' dir='ltr'><em>Σκίψασίε</em></span> <span class='ocrx_word' id='word_1_151' title='bbox 577 2684 653 2769; x_wconf 69' lang='lat' dir='ltr'>reip,</span> <span class='ocrx_word' id='word_1_152' title='bbox 682 2682 702 2749; x_wconf 80' lang='grc' dir='ltr'><em>ὦ</em></span> <span class='ocrx_word' id='word_1_153' title='bbox 731 2684 830 2766; x_wconf 74' lang='grc' dir='ltr'><em>ἄνδρες</em></span> <span class='ocrx_word' id='word_1_154' title='bbox 860 2685 999 2750; x_wconf 77' lang='grc' dir='ltr'><em>δικασταί</em></span> <span class='ocrx_word' id='word_1_155' title='bbox 1005 2735 1014 2759; x_wconf 81' lang='lat'>‚</span> <span class='ocrx_word' id='word_1_156' title='bbox 1045 2685 1112 2758; x_wconf 80' lang='grc' dir='ltr'><em>τοὺς</em></span> <span class='ocrx_word' id='word_1_157' title='bbox 1135 2685 1320 2766; x_wconf 86' lang='grc' dir='ltr'><em>προστοίντας</em></span> 
     </span>
     <span class='ocr_line' id='line_1_20' title="bbox 228 2799 1319 2883; baseline 0 -19"><span class='ocrx_word' id='word_1_158' title='bbox 228 2801 400 2883; x_wconf 71' lang='grc' dir='ltr'><em>ἀμφοτέρων</em></span> <span class='ocrx_word' id='word_1_159' title='bbox 421 2805 477 2865; x_wconf 79' lang='grc' dir='ltr'>τῶν</span> <span class='ocrx_word' id='word_1_160' title='bbox 500 2805 664 2876; x_wconf 74' lang='grc' dir='ltr'><em>πολιτειῶν,</em></span> <span class='ocrx_word' id='word_1_161' title='bbox 688 2799 788 2872; x_wconf 80' lang='grc' dir='ltr'><em>ὅστίκις</em></span> <span class='ocrx_word' id='word_1_162' title='bbox 810 2800 844 2874; x_wconf 68' lang='grc' dir='ltr'>δὴ</span> <span class='ocrx_word' id='word_1_163' title='bbox 868 2799 1079 2878; x_wconf 67' lang='grc' dir='ltr'><em>μετεβάλοντο.</em></span> <span class='ocrx_word' id='word_1_164' title='bbox 1121 2801 1167 2864; x_wconf 82' lang='grc' dir='ltr'>Οὐ</span> <span class='ocrx_word' id='word_1_165' title='bbox 1180 2800 1319 2880; x_wconf 76' lang='grc' dir='ltr'><em>Φρύνιχος</em></span> 
     </span>
     <span class='ocr_line' id='line_1_21' title="bbox 229 2912 1320 2992; baseline 0 -14"><span class='ocrx_word' id='word_1_166' title='bbox 229 2917 282 2992; x_wconf 72' lang='grc' dir='ltr'>μὲν</span> <span class='ocrx_word' id='word_1_167' title='bbox 305 2913 354 2978; x_wconf 80' lang='grc' dir='ltr'>καί</span> <span class='ocrx_word' id='word_1_168' title='bbox 378 2913 548 2992; x_wconf 77' lang='grc' dir='ltr'><em>Πείσανδρος</em></span> <span class='ocrx_word' id='word_1_169' title='bbox 572 2914 621 2977; x_wconf 84' lang='grc' dir='ltr'>καί</span> <span class='ocrx_word' id='word_1_170' title='bbox 645 2913 669 2976; x_wconf 73' lang='grc' dir='ltr'>σι’</span> <span class='ocrx_word' id='word_1_171' title='bbox 686 2916 753 2989; x_wconf 78' lang='grc' dir='ltr'><em>μετ’</em></span> <span class='ocrx_word' id='word_1_172' title='bbox 769 2913 880 2978; x_wconf 71' lang='grc' dir='ltr'><em>ἐκείνων</em></span> <span class='ocrx_word' id='word_1_173' title='bbox 895 2913 1073 2990; x_wconf 68' lang='grc' dir='ltr'><em>δημαγωγοί</em></span> <span class='ocrx_word' id='word_1_174' title='bbox 1080 2963 1089 2989; x_wconf 86' lang='grc'><em>,</em></span> <span class='ocrx_word' id='word_1_175' title='bbox 1106 2912 1203 2986; x_wconf 72' lang='grc' dir='ltr'><em>ἐπειδὴ</em></span> <span class='ocrx_word' id='word_1_176' title='bbox 1219 2913 1320 2978; x_wconf 74' lang='grc' dir='ltr'><em>πολλοὶ</em></span> 
     </span>
     <span class='ocr_line' id='line_1_22' title="bbox 228 3024 1319 3107; baseline -0.003 -14"><span class='ocrx_word' id='word_1_177' title='bbox 228 3029 268 3102; x_wconf 78' lang='grc' dir='ltr'>εἷς</span> <span class='ocrx_word' id='word_1_178' title='bbox 300 3028 378 3104; x_wconf 68' lang='grc' dir='ltr'>ὑμᾶς</span> <span class='ocrx_word' id='word_1_179' title='bbox 409 3024 587 3107; x_wconf 71' lang='grc' dir='ltr'><em>ἐξήμαρτον,</em></span> <span class='ocrx_word' id='word_1_180' title='bbox 619 3025 675 3096; x_wconf 74' lang='grc' dir='ltr'><em>τοὶς</em></span> <span class='ocrx_word' id='word_1_181' title='bbox 707 3025 769 3106; x_wconf 86' lang='grc' dir='ltr'><em>περί</em></span> <span class='ocrx_word' id='word_1_182' title='bbox 801 3026 910 3091; x_wconf 79' lang='grc' dir='ltr'><em>τούτων</em></span> <span class='ocrx_word' id='word_1_183' title='bbox 937 3026 1083 3097; x_wconf 79' lang='grc' dir='ltr'><em>δείσαντες</em></span> <span class='ocrx_word' id='word_1_184' title='bbox 1105 3025 1244 3106; x_wconf 80' lang='grc' dir='ltr'><em>τιμωρίαι</em></span> <span class='ocrx_word' id='word_1_185' title='bbox 1267 3027 1319 3102; x_wconf 70' lang='grc' dir='ltr'>τὴν</span> 
     </span>
     <span class='ocr_line' id='line_1_23' title="bbox 229 3137 1320 3221; baseline -0.005 -15"><span class='ocrx_word' id='word_1_186' title='bbox 229 3141 368 3221; x_wconf 80' lang='grc' dir='ltr'><em>προτέραν</em></span> <span class='ocrx_word' id='word_1_187' title='bbox 401 3139 579 3218; x_wconf 74' lang='grc' dir='ltr'><em>ὀλιγαρχίαν</em></span> <span class='ocrx_word' id='word_1_188' title='bbox 613 3138 820 3220; x_wconf 79' lang='grc' dir='ltr'><em>κατέστησαν,</em></span> <span class='ocrx_word' id='word_1_189' title='bbox 851 3137 953 3204; x_wconf 77' lang='grc' dir='ltr'><em>πολλοὶ</em></span> <span class='ocrx_word' id='word_1_190' title='bbox 984 3138 1013 3201; x_wconf 73' lang='grc' dir='ltr'>δὲ</span> <span class='ocrx_word' id='word_1_191' title='bbox 1043 3143 1099 3202; x_wconf 81' lang='grc' dir='ltr'>τῶν</span> <span class='ocrx_word' id='word_1_192' title='bbox 1129 3140 1320 3216; x_wconf 67' lang='grc' dir='ltr'><em>τετρακοσίων</em></span> 
     </span>
     <span class='ocr_line' id='line_1_24' title="bbox 228 3250 1318 3332; baseline -0.006 -12"><span class='ocrx_word' id='word_1_193' title='bbox 228 3254 309 3332; x_wconf 77' lang='grc' dir='ltr'><em>μετίι</em></span> <span class='ocrx_word' id='word_1_194' title='bbox 332 3257 388 3318; x_wconf 77' lang='grc' dir='ltr'>τῶν</span> <span class='ocrx_word' id='word_1_195' title='bbox 411 3253 443 3316; x_wconf 81' lang='grc' dir='ltr'>ἐκ</span> <span class='ocrx_word' id='word_1_196' title='bbox 466 3256 604 3330; x_wconf 78' lang='grc' dir='ltr'><em>Πειραιῶς</em></span> <span class='ocrx_word' id='word_1_197' title='bbox 627 3252 849 3327; x_wconf 71' lang='grc' dir='ltr'><em>συγκατῆλθον,</em></span> <span class='ocrx_word' id='word_1_198' title='bbox 874 3250 935 3314; x_wconf 83' lang='grc' dir='ltr'><em>ἔνιοι</em></span> <span class='ocrx_word' id='word_1_199' title='bbox 960 3250 989 3313; x_wconf 72' lang='grc' dir='ltr'>δὲ</span> <span class='ocrx_word' id='word_1_200' title='bbox 1012 3255 1067 3314; x_wconf 79' lang='grc' dir='ltr'>τῶν</span> <span class='ocrx_word' id='word_1_201' title='bbox 1090 3251 1211 3322; x_wconf 88' lang='grc' dir='ltr'><em>ε’κείνους</em></span> <span class='ocrx_word' id='word_1_202' title='bbox 1227 3251 1318 3328; x_wconf 77' lang='grc' dir='ltr'><em>ἐκβα-</em></span> 
     </span>
     <span class='ocr_line' id='line_1_25' title="bbox 228 3359 1318 3442; baseline -0.005 -10"><span class='ocrx_word' id='word_1_203' title='bbox 228 3364 336 3432; x_wconf 86' lang='grc' dir='ltr'><em>λίντων</em></span> <span class='ocrx_word' id='word_1_204' title='bbox 366 3362 449 3429; x_wconf 81' lang='grc' dir='ltr'><em>αὐτοί</em></span> <span class='ocrx_word' id='word_1_205' title='bbox 474 3360 554 3433; x_wconf 71' lang='grc' dir='ltr'><em>αὖθις</em></span> <span class='ocrx_word' id='word_1_206' title='bbox 580 3368 636 3427; x_wconf 83' lang='grc' dir='ltr'>τῶν</span> <span class='ocrx_word' id='word_1_207' title='bbox 659 3363 813 3442; x_wconf 83' lang='grc' dir='ltr'><em>τριοίιιοντα</em></span> <span class='ocrx_word' id='word_1_208' title='bbox 836 3363 982 3439; x_wconf 70' lang='grc' dir='ltr'><em>ἕνέκοντος</em></span> <span class='ocrx_word' id='word_1_209' title='bbox 1006 3362 1071 3428; x_wconf 76' lang='lat' dir='ltr'>Elei</span> <span class='ocrx_word' id='word_1_210' title='bbox 1095 3363 1119 3426; x_wconf 70' lang='grc' dir='ltr'>δ’</span> <span class='ocrx_word' id='word_1_211' title='bbox 1142 3359 1239 3434; x_wconf 76' lang='grc' dir='ltr'><em>οἵτινες</em></span> <span class='ocrx_word' id='word_1_212' title='bbox 1263 3368 1318 3427; x_wconf 80' lang='grc' dir='ltr'>τῶν</span> 
     </span>
     <span class='ocr_line' id='line_1_26' title="bbox 228 3474 1318 3558; baseline -0.005 -14"><span class='ocrx_word' id='word_1_213' title='bbox 228 3477 415 3544; x_wconf 66' lang='grc' dir='ltr'><em>Ἐλευσῖνάδε</em></span> <span class='ocrx_word' id='word_1_214' title='bbox 436 3478 695 3557; x_wconf 67' lang='grc' dir='ltr'><em>ἀπογραψαμένων</em></span> <span class='ocrx_word' id='word_1_215' title='bbox 705 3526 714 3558; x_wconf 86' lang='grc'><strong><em>,</em></strong></span> <span class='ocrx_word' id='word_1_216' title='bbox 735 3474 899 3552; x_wconf 76' lang='grc' dir='ltr'><em>ἐξελθόντες</em></span> <span class='ocrx_word' id='word_1_217' title='bbox 915 3477 978 3553; x_wconf 73' lang='grc' dir='ltr'>μεθ’</span> <span class='ocrx_word' id='word_1_218' title='bbox 995 3476 1090 3552; x_wconf 78' lang='grc' dir='ltr'><em>ὑμῶν,</em></span> <span class='ocrx_word' id='word_1_219' title='bbox 1108 3479 1318 3556; x_wconf 80' lang='grc' dir='ltr'><em>ἐπολιορκοῦντο</em></span> 
     </span>
     <span class='ocr_line' id='line_1_27' title="bbox 230 3592 429 3671; baseline -0.02 -13"><span class='ocrx_word' id='word_1_220' title='bbox 230 3592 299 3671; x_wconf 72' lang='grc' dir='ltr'><em>μετ’</em></span> <span class='ocrx_word' id='word_1_221' title='bbox 324 3593 429 3657; x_wconf 82' lang='grc' dir='ltr'><em>αὐτῶν.</em></span> 
     </span>
    </p>

    <p class='ocr_par' dir='ltr' id='par_1_8' title="bbox 223 3701 1317 4469">
     <span class='ocr_line' id='line_1_28' title="bbox 271 3701 1317 3787; baseline -0.002 -19"><span class='ocrx_word' id='word_1_222' title='bbox 271 3703 517 3785; x_wconf 80' lang='lat' dir='ltr'>Quindecimviri</span> <span class='ocrx_word' id='word_1_223' title='bbox 549 3701 659 3787; x_wconf 85' lang='lat' dir='ltr'>Sparta</span> <span class='ocrx_word' id='word_1_224' title='bbox 692 3702 831 3766; x_wconf 88' lang='lat' dir='ltr'>Athenas</span> <span class='ocrx_word' id='word_1_225' title='bbox 863 3702 966 3778; x_wconf 87' lang='lat' dir='ltr'>missi,</span> <span class='ocrx_word' id='word_1_226' title='bbox 999 3708 1034 3764; x_wconf 86' lang='lat' dir='ltr'>ut</span> <span class='ocrx_word' id='word_1_227' title='bbox 1064 3723 1126 3765; x_wconf 85' lang='lat' dir='ltr'>una</span> <span class='ocrx_word' id='word_1_228' title='bbox 1153 3723 1222 3766; x_wconf 88' lang='lat' dir='ltr'>oum</span> <span class='ocrx_word' id='word_1_229' title='bbox 1248 3723 1317 3785; x_wconf 81' lang='lat' dir='ltr'>rege</span> 
     </span>
     <span class='ocr_line' id='line_1_29' title="bbox 229 3814 1316 3902; baseline -0.002 -21"><span class='ocrx_word' id='word_1_230' title='bbox 229 3819 381 3884; x_wconf 80' lang='lat' dir='ltr'>Pausania</span> <span class='ocrx_word' id='word_1_231' title='bbox 404 3839 511 3902; x_wconf 86' lang='lat' dir='ltr'>paoem</span> <span class='ocrx_word' id='word_1_232' title='bbox 534 3817 615 3881; x_wconf 90' lang='lat' dir='ltr'>inter</span> <span class='ocrx_word' id='word_1_233' title='bbox 639 3816 800 3901; x_wconf 87' lang='lat' dir='ltr'>populares</span> <span class='ocrx_word' id='word_1_234' title='bbox 826 3824 857 3880; x_wconf 88' lang='lat' dir='ltr'>et</span> <span class='ocrx_word' id='word_1_235' title='bbox 876 3814 1316 3898; x_wconf 81' lang='lat' dir='ltr'>faotionemtrigintavirorum</span> 
     </span>
     <span class='ocr_line' id='line_1_30' title="bbox 226 3928 1315 4016; baseline -0.003 -20"><span class='ocrx_word' id='word_1_236' title='bbox 226 3937 460 4016; x_wconf 81' lang='lat' dir='ltr'>componerent,</span> <span class='ocrx_word' id='word_1_237' title='bbox 492 3931 573 3994; x_wconf 85' lang='lat' dir='ltr'>inter</span> <span class='ocrx_word' id='word_1_238' title='bbox 603 3929 663 3994; x_wconf 90' lang='lat' dir='ltr'>alia</span> <span class='ocrx_word' id='word_1_239' title='bbox 696 3930 940 3996; x_wconf 81' lang='lat' dir='ltr'>constituerunt:</span> <span class='ocrx_word' id='word_1_240' title='bbox 969 3930 993 3993; x_wconf 84' lang='grc' dir='ltr'>εί</span> <span class='ocrx_word' id='word_1_241' title='bbox 1027 3928 1057 3993; x_wconf 69' lang='grc' dir='ltr'>δι’</span> <span class='ocrx_word' id='word_1_242' title='bbox 1080 3952 1154 4000; x_wconf 77' lang='grc' dir='ltr'><em>τινες</em></span> <span class='ocrx_word' id='word_1_243' title='bbox 1177 3928 1315 4008; x_wconf 81' lang='grc' dir='ltr'><em>Φοβοῖντο</em></span> 
     </span>
     <span class='ocr_line' id='line_1_31' title="bbox 223 4040 1315 4125; baseline -0.006 -15"><span class='ocrx_word' id='word_1_244' title='bbox 223 4051 279 4110; x_wconf 82' lang='grc' dir='ltr'>τῶν</span> <span class='ocrx_word' id='word_1_245' title='bbox 309 4043 343 4121; x_wconf 78' lang='grc' dir='ltr'>ἐξ</span> <span class='ocrx_word' id='word_1_246' title='bbox 373 4042 477 4116; x_wconf 76' lang='grc' dir='ltr'><em>ἄστεος</em></span> <span class='ocrx_word' id='word_1_247' title='bbox 505 4081 547 4090; x_wconf 92' lang='grc'><strong>-</strong></span> <span class='ocrx_word' id='word_1_248' title='bbox 571 4041 728 4108; x_wconf 83' lang='grc' dir='ltr'><em>Ἐλευσῖνα</em></span> <span class='ocrx_word' id='word_1_249' title='bbox 749 4049 892 4108; x_wconf 82' lang='grc' dir='ltr'><em>κατοικεῖν</em></span> <span class='ocrx_word' id='word_1_250' title='bbox 916 4041 1071 4125; x_wconf 84' lang='lat' dir='ltr'>(Xenoph.</span> <span class='ocrx_word' id='word_1_251' title='bbox 1098 4041 1181 4106; x_wconf 91' lang='lat' dir='ltr'>Hell.</span> <span class='ocrx_word' id='word_1_252' title='bbox 1206 4040 1251 4106; x_wconf 90' lang='grc' dir='ltr'>ΙΙ.</span> <span class='ocrx_word' id='word_1_253' title='bbox 1276 4045 1315 4117; x_wconf 80' lang='lat'>4,</span> 
     </span>
     <span class='ocr_line' id='line_1_32' title="bbox 223 4151 1316 4243; baseline -0.003 -21"><span class='ocrx_word' id='word_1_254' title='bbox 223 4160 332 4243; x_wconf 66' lang='lat' dir='ltr'>tan),</span> <span class='ocrx_word' id='word_1_255' title='bbox 360 4179 453 4242; x_wconf 88' lang='lat' dir='ltr'>quam</span> <span class='ocrx_word' id='word_1_256' title='bbox 477 4155 584 4220; x_wconf 90' lang='lat' dir='ltr'>urbem</span> <span class='ocrx_word' id='word_1_257' title='bbox 609 4155 796 4240; x_wconf 85' lang='lat' dir='ltr'>trigintaviri</span> <span class='ocrx_word' id='word_1_258' title='bbox 819 4154 1013 4237; x_wconf 76' lang='grc' dir='ltr'><em>ἐξιδιώσαντο,</em></span> <span class='ocrx_word' id='word_1_259' title='bbox 1037 4153 1111 4219; x_wconf 73' lang='grc' dir='ltr'><em>ὥστε</em></span> <span class='ocrx_word' id='word_1_260' title='bbox 1135 4151 1209 4218; x_wconf 80' lang='grc' dir='ltr'><em>εἷναί</em></span> <span class='ocrx_word' id='word_1_261' title='bbox 1230 4159 1316 4236; x_wconf 84' lang='grc' dir='ltr'><em>σφισι</em></span> 
     </span>
     <span class='ocr_line' id='line_1_33' title="bbox 224 4267 1315 4353; baseline -0.006 -17"><span class='ocrx_word' id='word_1_262' title='bbox 224 4270 407 4352; x_wconf 69' lang='grc' dir='ltr'><em>καταφυγήν</em></span> <span class='ocrx_word' id='word_1_263' title='bbox 427 4268 513 4352; x_wconf 83' lang='lat' dir='ltr'>(ibid.</span> <span class='ocrx_word' id='word_1_264' title='bbox 530 4270 548 4353; x_wconf 65' lang='lat' dir='ltr'>t</span> <span class='ocrx_word' id='word_1_265' title='bbox 565 4271 583 4332; x_wconf 88' lang='lat'><em>8</em></span> <span class='ocrx_word' id='word_1_266' title='bbox 602 4271 677 4353; x_wconf 88' lang='lat' dir='ltr'>sq.),</span> <span class='ocrx_word' id='word_1_267' title='bbox 695 4289 819 4352; x_wconf 88' lang='lat' dir='ltr'>quoque</span> <span class='ocrx_word' id='word_1_268' title='bbox 836 4269 897 4332; x_wconf 91' lang='lat' dir='ltr'>iam</span> <span class='ocrx_word' id='word_1_269' title='bbox 915 4273 1126 4331; x_wconf 87' lang='lat' dir='ltr'>eoneesserant</span> <span class='ocrx_word' id='word_1_270' title='bbox 1144 4267 1198 4350; x_wconf 89' lang='lat' dir='ltr'>qui</span> <span class='ocrx_word' id='word_1_271' title='bbox 1211 4287 1315 4330; x_wconf 88' lang='lat' dir='ltr'>eorum</span> 
     </span>
     <span class='ocr_line' id='line_1_34' title="bbox 229 4379 1314 4469; baseline -0.006 -21"><span class='ocrx_word' id='word_1_272' title='bbox 229 4392 298 4469; x_wconf 85' lang='lat' dir='ltr'>post</span> <span class='ocrx_word' id='word_1_273' title='bbox 328 4382 479 4468; x_wconf 89' lang='lat' dir='ltr'>proelium</span> <span class='ocrx_word' id='word_1_274' title='bbox 510 4382 541 4445; x_wconf 93' lang='lat' dir='ltr'>in</span> <span class='ocrx_word' id='word_1_275' title='bbox 567 4382 675 4446; x_wconf 86' lang='lat' dir='ltr'>Piraeo</span> <span class='ocrx_word' id='word_1_276' title='bbox 698 4382 814 4446; x_wconf 76' lang='lat' dir='ltr'>laetum</span> <span class='ocrx_word' id='word_1_277' title='bbox 837 4383 1019 4465; x_wconf 82' lang='lat' dir='ltr'>magistratu</span> <span class='ocrx_word' id='word_1_278' title='bbox 1042 4379 1125 4444; x_wconf 88' lang='lat' dir='ltr'>abire</span> <span class='ocrx_word' id='word_1_279' title='bbox 1152 4380 1249 4444; x_wconf 88' lang='lat' dir='ltr'>eoeeti</span> <span class='ocrx_word' id='word_1_280' title='bbox 1272 4401 1314 4444; x_wconf 86' lang='lat' dir='ltr'>es·</span> 
     </span>
    </p>
   </div>
   <div class='ocr_carea' id='block_1_7' title="bbox 0 0 1686 5502">
    <p class='ocr_par' dir='ltr' id='par_1_9' title="bbox 0 0 1686 5502">
     <span class='ocr_line' id='line_1_35' title="bbox 0 0 1686 5502; baseline 0 2"><span class='ocrx_word' id='word_1_281' title='bbox 0 0 1686 5502; x_wconf 95' lang='lat' dir='ltr'> </span> 
     </span>
    </p>
   </div>
  </div>
 </body>
</html>
