3364 5502
353 559 394 621 δέ
798 587 912 628 onemo
936 587 993 628 xri.

351 761 567 836 πολιτευόμενον
597 765 808 840 προσποιεῖσθαι
839 759 983 843 προίσσειν
1006 763 1082 836 όπως
1113 766 1361 842 οἰκοδομηθήσεται
1394 769 1446 832 τόν.

349 874 451 954 σείχη,
476 875 563 939 όπόσε
584 875 634 940 καί
657 877 738 952 μετόν
760 877 942 956 Θηραμένους
961 874 1037 949 όπως
1049 880 1295 957 καθαιρεθήσεται.
1314 883 1359 945 Οὐ
1375 879 1434 960 χοίρ

348 1009 396 1064 μοι
415 987 538 1052 δοκοῦσιν
558 987 618 1052 ἰσου
637 987 709 1063 οἰξιοι
730 991 905 1066 χεγενήσθαι
917 1013 922 1024 ·
936 991 949 1054 ὁ
965 991 1018 1067 μὲν
1032 992 1091 1071 γὰρ
1105 992 1340 1069 Λακεδαιμονίων
1351 994 1433 1058 οἰκόν-

347 1125 403 1164 των
425 1101 600 1182 ᾠκοδόμησεν
615 1099 710 1178 αὐτοί,
734 1100 814 1174 οὗτος
830 1104 859 1166 δὲ
874 1103 939 1175 τοὺς
956 1104 1081 1175 πολίτας
1098 1103 1292 1180 ἐξαπατήσας
1304 1106 1432 1172 καθεῖλε.

393 1212 465 1276 Veri
490 1215 587 1278 simile
610 1214 729 1279 videtur
744 1253 789 1264 —
805 1239 875 1279 num
899 1217 967 1300 quis
991 1216 1049 1280 hoo
1072 1224 1225 1302 praestare
1241 1218 1374 1282 audeat?
1389 1257 1435 1268 -

347 1326 469 1410 Lysiam
495 1330 592 1393 verbis
616 1328 687 1392 inde
711 1330 747 1393 ab
771 1334 801 1394 οὐ
825 1331 884 1410 γοίρ
906 1355 954 1408 μοι
983 1331 1129 1415 respicere
1157 1331 1195 1395 ed
1220 1333 1310 1396 verbe
1324 1332 1433 1396 Thera-

348 1443 442 1504 menis
472 1443 509 1505 ed
541 1443 732 1507 Cleomenem
764 1445 982 1528 demagogum,
1017 1445 1070 1528 qui
1098 1467 1167 1508 oum
1191 1468 1260 1509 eum
1290 1453 1431 1530 rogaret,

345 1557 370 1619 εἰ
392 1563 490 1639 σολμρῖ
506 1595 551 1605 -
563 1565 636 1621 sunt
653 1559 743 1622 verba
760 1558 917 1623 Plutarchi
939 1559 970 1621 in
994 1558 1144 1642 Lysandri
1159 1559 1219 1621 vita
1235 1581 1300 1643 cop.
1317 1579 1372 1622 nv
1387 1596 1432 1609 -

345 1670 489 1733 σοίναντία
512 1679 710 1747 Θεμιστοκλεῖ
730 1672 868 1750 προίστειν
891 1673 939 1736 καί
964 1673 1061 1749 λέγειν
1085 1673 1257 1751 παραδιδοὺς
1280 1673 1321 1739 τόν
1342 1673 1431 1752 τείχη

345 1789 404 1852 τοῖς
427 1783 681 1861 Λακεδαιμονίοις,
705 1782 726 1848 οἰ
743 1785 977 1862 Λακεδαιμονίων
997 1783 1121 1849 εἰκόντων
1140 1786 1243 1856 ἐκεῖνος
1258 1786 1430 1863 οἰνέσσησεν,

348 1896 404 1958 hoo
427 1918 607 1980 responsum
631 1898 720 1961 tulit:
745 1902 831 1962 Ἀλλ’
854 1896 945 1979 οὐδέν,
970 1893 991 1961 οἰ
1013 1898 1175 1981 μειροίκιον,
1194 1899 1358 1964 ὑπεναντίον
1374 1901 1431 1975 ε’χόι

347 2009 465 2087 πρόσσω
490 2017 702 2088 Θεμιστοκλεῖ,
727 2011 767 2074 σόο
790 2013 849 2091 χοίρ
873 2012 953 2076 αὐτόν
975 2012 1062 2091 τείχη
1085 2015 1212 2082 κοίκεῖνος
1237 2012 1283 2075 έπί
1307 2011 1431 2094 σωτηρία

346 2127 400 2185 τῶν
424 2128 548 2186 πολιτῶν
569 2123 710 2196 οἰνέστησε
733 2123 781 2186 καί
807 2128 890 2200 ήμεῖς
914 2125 961 2188 ε’πί
977 2125 1102 2203 σωτηρία
1116 2125 1359 2201 καταβαλοῦμεν.
1394 2124 1430 2188 Εἰ

346 2235 375 2298 δὲ
396 2236 438 2300 σοί
461 2235 548 2316 τείχη
571 2237 627 2307 σόος
652 2237 750 2309 πόλεις
774 2237 946 2313 εὐδαίμονας
970 2239 1073 2312 ἐποίει,
1098 2245 1199 2302 πασῶν
1222 2237 1276 2302 ἔδει
1293 2240 1430 2315 προίστειν

346 2349 474 2414 κοίκιστα
497 2352 548 2425 σήν
572 2351 711 2431 Σποίρσην
734 2353 903 2432 οἰσείχιστον
926 2347 1022 2416 οὖσαν.

388 2465 405 2547 θ
429 2466 480 2527 76.
527 2465 726 2542 Παρήχχελσο
748 2464 807 2543 χόορ
830 2468 929 2536 αὐτοῖς
951 2464 1020 2528 δέκα
1039 2467 1092 2542 μὲν
1107 2463 1153 2535 οὓς
1170 2465 1339 2541 Θηραμένης
1356 2465 1430 2529 οἰσέ-

344 2574 417 2650 δειξε
439 2585 650 2657 χειροτονῆσαι,
676 2577 745 2640 δέκα
768 2578 797 2640 δὲ
819 2571 864 2648 οὓς
887 2579 911 2640 οἰ
934 2577 1142 2660 καθεστηκότες
1163 2576 1255 2657 ἔφοροι
1275 2577 1428 2654 κελεύοιεν,

345 2689 414 2762 δέκα
437 2689 460 2751 δ’
476 2689 507 2752 ἐκ
530 2695 585 2752 τῶν
608 2690 768 2769 παρόντων·
794 2687 864 2753 οἷίτω
887 2690 947 2767 χοίρ
970 2690 1021 2762 τήν
1049 2688 1188 2768 ὑμετέραν
1212 2689 1357 2752 οἰσθένειαν
1380 2689 1428 2751 ἑόν·

343 2827 395 2881 ρων
418 2801 467 2865 καί
490 2803 541 2875 τήν
566 2802 659 2866 αὐτῶν
682 2802 800 2878 δύναμιν
823 2802 1000 2877 ήπίσσανσο,
1024 2800 1097 2865 όίστε
1120 2801 1250 2880 πρότερον
1269 2801 1372 2884 ήδεσαν
1387 2803 1429 2866 σοί

343 2916 493 2991 μέλλοντα
516 2915 543 2978 έν
566 2925 603 2996 σή
627 2915 766 2995 ἐκκλησία
788 2915 1018 2995 πραχθήσεσθαι.

354 3053 358 3064 ·
390 3027 438 3090 Ad
461 3028 591 3108 πρότερον
613 3029 734 3112 requiro
750 3028 966 3092 indicationem
985 3028 1045 3103 rei,
1064 3035 1134 3091 ante
1150 3049 1243 3111 quam
1258 3027 1426 3093 confectam

343 3141 545 3206 Theramenes
576 3165 644 3207 cnm
676 3143 738 3206 suis
771 3143 861 3207 sciret
891 3143 932 3207 σόι
962 3142 1112 3219 μέλλοντα
1144 3143 1363 3222 πραχθήσεσθαι
1398 3145 1427 3207 ἕν
1452 3140 1454 3143 ’

342 3264 379 3330 σή
411 3257 559 3337 ε’κκλησίρ.
591 3255 694 3335 Quare
717 3257 897 3320 concinnius
925 3255 1017 3331 foret,
1042 3254 1069 3317 si
1092 3275 1148 3338 pro
1172 3253 1301 3334 πρότερον
1324 3255 1429 3334 ήδεσαν

343 3368 495 3452 legeretur
518 3370 684 3450 πριήδεσαν.

387 3483 404 3565 ᾧ
428 3485 479 3544 83.
525 3482 566 3547 Τί
587 3483 647 3562 χοίρ
670 3481 706 3546 όον
729 3482 869 3550 παθόντες
889 3480 967 3553 δίκην
979 3481 1030 3553 τήν
1046 3478 1133 3554 οἰξίαν
1150 3479 1248 3551 εἴησαν
1263 3484 1318 3544 τῶν
1338 3478 1427 3557 ἔργων

343 3594 509 3672 δεδωκότες;
533 3594 654 3675 Πότερον
678 3597 701 3660 εἰ
725 3595 830 3666 αὐτοὺς
853 3593 1049 3658 οἰποκσείνοιτε
1072 3591 1121 3655 καί
1145 3592 1210 3663 σοὺς
1234 3593 1348 3662 παῖδας
1374 3595 1426 3655 αθ-

342 3714 414 3783 τῶν,
445 3710 543 3784 ἱκανήν
573 3707 609 3773 όον
638 3715 689 3774 τοῦ
720 3709 808 3791 Φόνου
839 3707 916 3783 δίκην
948 3705 1107 3783 λοίβοιμεν,
1140 3701 1176 3768 οἰν
1198 3701 1273 3769 οὗτοι
1288 3705 1426 3785 ’πατέρας

343 3822 391 3886 καί
424 3823 491 3894 υἱεῖς
515 3822 564 3886 καί
587 3822 733 3902 οἰδελφοὺς
761 3823 891 3901 οἰκρίσους
918 3817 1110 3895 οἰπέκσειναν;
1134 3817 1235 3882 Ἀλλθο
1257 3817 1316 3897 χόορ
1340 3819 1363 3882 εἰ
1386 3818 1427 3882 τόν

342 3937 489 4016 χρήματα
511 3937 553 4001 τόν
575 3936 691 4017 Φανερόι
712 3935 905 4017 δημεύσαιτε,
929 3938 1026 4004 καλοῖς
1049 3931 1086 3997 διν
1109 3931 1171 4011 έχοι
1192 3931 1208 4006 ή
1228 3929 1376 4011 σήπόλει,
1394 3927 1426 4005 ής

343 4046 417 4114 οὗτοι
441 4049 541 4114 πολλοὶ
564 4049 736 4130 εἰλήφασιν,
762 4049 778 4124 ή
801 4043 861 4120 σόῖς
884 4047 1024 4128 ἰδιώταις,
1049 4041 1084 4107 ὧν
1107 4044 1195 4114 οἰκίας
1219 4041 1425 4122 ε’ξεπόρθησαν;

342 4163 459 4238 Ἐπειδή
482 4163 572 4227 τοίνυν
595 4160 696 4226 ποίνσα
719 4166 863 4233 ποιοῦντες
886 4161 963 4234 δίκην
986 4158 1055 4238 παρ’
1075 4157 1230 4220 αὑτοῖνοιίκ
1246 4154 1281 4220 όον
1297 4155 1427 4220 δύναισθε

341 4275 464 4353 λαβεῖν,
496 4281 556 4348 πῶς
586 4277 637 4340 οὐκ
666 4275 785 4355 αἰσχρὸν
818 4276 885 4351 ὑμῖν
916 4274 964 4338 καὶ
993 4276 1117 4348 ήνσινοῠν
1137 4270 1305 4350 οἰπολιπεῖν,
1331 4267 1428 4344 ήντινοί

342 4413 386 4460 σις
409 4389 541 4468 βοθλοισο
565 4389 647 4469 παρόν
669 4387 775 4454 σοιίσων
797 4386 966 4467 λαμβάνειν
973 4412 983 4464 3
