3364 5502
371 588 413 646 34
813 599 925 642 onnrro
950 599 1012 642 xiv.

371 775 524 858 perspexit
547 761 579 839 iri
604 775 633 841 έν
656 780 772 855 μαλλον
796 776 918 839 ultimas
942 774 1059 837 litteras
1083 774 1126 837 sic
1143 773 1356 858 dispescendas
1372 799 1456 855 esse,

370 894 405 947 ut
429 886 582 971 legeretur
604 890 675 955 αλλ’
699 891 738 956 έν.
786 889 893 953 Restat
916 895 952 950 nt
975 909 1174 970 quaeramus,
1200 888 1274 970 quid
1292 887 1386 954 lateat
1399 892 1455 955 sub

368 997 479 1062 litteris
502 1025 574 1080 ονμ,
601 1025 668 1082 nam
693 1004 793 1087 ipsum
819 1009 990 1065 monstrum
1014 997 1042 1064 δν
1063 1005 1179 1076 μᾶλλον
1195 1011 1381 1086 argumento
1395 1013 1457 1082 est,

370 1113 505 1176 codicem
528 1116 707 1198 antiquum,
733 1114 814 1179 unde
838 1114 998 1178 Palatinus
1021 1113 1192 1198 descriptus
1217 1125 1279 1191 est,
1297 1115 1360 1179 nl.
1375 1117 1463 1182 male.

370 1226 508 1290 habitum
537 1229 632 1292 fuisse
661 1237 691 1292 et
715 1240 784 1292 ante
808 1227 877 1292 ἀλλ’
902 1228 930 1292 θν
953 1229 985 1291 in
1010 1249 1045 1290 eo
1069 1227 1163 1290 fuisse
1187 1227 1300 1292 lectum
1325 1229 1451 1293 vocabu-

365 1339 429 1402 lum
461 1343 565 1424 paucis
596 1341 707 1405 litteris
740 1351 901 1418 constans,
934 1341 1016 1425 quod
1048 1340 1189 1404 librarius
1223 1341 1364 1424 expedire
1392 1365 1452 1406 non

365 1455 508 1536 potuerit.
556 1455 678 1519 Bonum
711 1467 812 1518 autem
843 1456 958 1518 factum
987 1454 1069 1538 quod
1094 1454 1184 1517 verba
1206 1453 1316 1537 Lysiae
1341 1464 1449 1540 sponte

363 1565 482 1630 ducunt
505 1567 542 1630 ad
567 1567 598 1630 id
623 1568 705 1651 quod
730 1568 923 1651 quaerimus,
949 1589 1056 1651 nempe
1080 1566 1118 1629 ad
1140 1567 1242 1643 μέλει,
1268 1566 1351 1650 quod
1368 1590 1450 1632 nnnc

364 1680 531 1742 sententiaa
563 1679 664 1757 deest,
698 1679 843 1764 quodque
878 1702 939 1743 non
970 1679 1058 1742 facile
1090 1679 1241 1755 adducar,
1266 1689 1302 1742 ut
1325 1681 1445 1743 credam

366 1813 418 1874 per
453 1814 596 1874 zeugma,
629 1803 663 1855 ut
689 1792 860 1876 loquuntur
888 1792 1104 1868 Grammatici,
1135 1814 1171 1854 ex
1197 1792 1362 1870 μεταμέλει
1379 1793 1449 1877 peti

363 1926 466 1987 posse;
502 1928 580 1988 quae
611 1907 691 1969 enim
723 1906 861 1991 exempla
891 1905 930 1969 ad
961 1905 1019 1968 hoc
1051 1906 1325 1970 demonstrandum
1358 1905 1453 1969 addu-

363 2026 475 2081 cuntur
495 2018 532 2083 ab
552 2019 610 2082 hoc
630 2019 697 2082 loco
718 2019 816 2082 aliena
836 2030 918 2082 sunt.
951 2018 1090 2081 Fortasse
1105 2018 1200 2100 igitur
1214 2017 1288 2083 olim
1303 2019 1449 2102 scriptum

362 2131 476 2194 frrerat:
505 2132 570 2196 οὔτε
590 2138 645 2195 τῶν
666 2133 880 2210 πεπραγμένων
900 2134 979 2211 αὐτῷ
1001 2131 1184 2209 μεταμέλει,
1209 2132 1275 2196 οθτε
1299 2138 1355 2197 τῶν
1378 2147 1450 2207 μελ·

359 2243 465 2309 λέντων
492 2245 604 2308 ἔσεσθαι
627 2249 721 2322 μέλει.
769 2244 912 2308 Eiusdem
937 2246 1055 2328 generis
1080 2245 1251 2328 corruptela
1272 2245 1445 2328 inquinavit

360 2353 413 2418 Or.
439 2356 547 2434 XXX,
571 2359 587 2441 §
614 2361 651 2420 ta
676 2367 707 2421 et
729 2358 856 2421 fortasse
880 2356 934 2420 Or.
961 2356 1105 2434 XXXII,
1128 2358 1145 2441 5
1169 2360 1198 2420 6.

404 2470 421 2553 §
445 2473 497 2532 46.
545 2472 624 2546 Ἐγὼ
654 2472 706 2546 μέν
732 2467 778 2535 οὖν
802 2473 837 2542 ὡς
858 2471 1000 2547 ε’δυνοέμνν
1023 2468 1129 2549 θιριυτα
1151 2468 1357 2547 κατηγόρηκα,
1382 2471 1397 2534 έ
1421 2470 1445 2533 θ-

360 2606 476 2657 υταμαι
507 2582 530 2645 δ’
563 2580 604 2646 ὅτι
628 2583 651 2645 οἱ
675 2583 728 2660 μέν
752 2581 837 2646 ἄλλοι
860 2587 915 2647 τῶν
939 2583 1120 2659 ἀκροωμένων
1143 2580 1353 2660 θαυμάζουσιν,
1367 2581 1443 2652 ὅπως

364 2694 426 2758 ποθ’
457 2693 544 2765 οὕτως
575 2695 700 2772 ἀκριβῶς
731 2695 859 2768 ἐδυνήθην
883 2693 1002 2771 ἐξευρεῖν
1025 2692 1065 2756 rai
1088 2694 1194 2757 τούτων
1219 2693 1444 2772 ἁμαρτήματα,

363 2804 443 2877 οὗτος
473 2807 502 2871 δέ
532 2831 587 2883 μου
618 2813 796 2889 καταγελᾷ,
825 2805 867 2870 ὅτι
892 2806 952 2870 οὐδὲ
975 2805 1134 2870 πολλοστὸν
1163 2804 1245 2884 μέρος
1269 2803 1369 2882 εἴρηκα
1392 2811 1447 2869 τῶν

362 2919 471 2989 τούτοις
496 2919 685 2998 ὑπαρχόντων
709 2926 813 2982 κακῶν.

408 3031 525 3095 Iniuria
548 3031 688 3095 Editores
712 3031 839 3095 eiiciunt
862 3031 913 3113 τθ,
939 3029 1020 3114 quod
1045 3029 1148 3094 Codex
1173 3029 1265 3094 habet
1288 3038 1357 3093 aute
1377 3046 1446 3094 πολ-

362 3145 481 3224 λοοτθν,
506 3166 568 3208 non
593 3146 671 3208 enim
697 3150 762 3208 erat
785 3144 987 3219 eiiciendum,
1012 3143 1065 3206 sed
1089 3143 1314 3207 emendandum
1337 3144 1369 3206 in
1386 3168 1440 3207 πω.

362 3257 411 3320 Ita
445 3267 547 3320 autem
583 3256 706 3340 Lysiam
738 3258 894 3340 scripsisse
925 3256 1014 3320 fidem
1046 3257 1137 3320 saciet
1166 3255 1386 3340 Aristophanes
1410 3257 1443 3318 in

361 3370 531 3454 Lysistrata
563 3393 605 3433 vs.
641 3373 724 3446 355,
760 3371 814 3435 ubi
850 3371 959 3434 chorus
995 3369 1157 3434 mulierum
1185 3369 1311 3433 chorum
1335 3391 1443 3432 senum

361 3483 497 3567 increpat
521 3483 568 3546 his
592 3483 709 3547 verbis:

448 3598 489 3660 Τι’
510 3597 648 3674 βδύλλεθ’
671 3600 767 3674 ἡμᾶς,
791 3597 825 3662 οὔ
846 3597 878 3661 τί
906 3621 960 3661 που
985 3595 1094 3660 πολλαὶ
1115 3596 1251 3672 δοκοῦμεν
1274 3590 1361 3671 εἶναι,

448 3709 497 3773 καὶ
521 3711 578 3786 μέν
601 3711 684 3787 μέρος
706 3710 819 3786 γ’ἡμῶν
842 3711 920 3788 ὁρᾶτ’
945 3709 1021 3774 οὔπω
1044 3709 1077 3772 τὸ
1101 3709 1265 3789 μυριοοτθν,

359 3823 398 3887 ad
426 3823 507 3906 quod
531 3822 702 3906 exemplum
729 3823 859 3886 editores
884 3824 1020 3886 certatim
1046 3821 1283 3886 emendaverunt
1307 3820 1442 3884 eiusdem

358 3936 474 4018 Comici
506 3959 625 3999 versum
660 3940 723 3999 555
747 3935 1149 4020 Thesmophoriauusarum,
1173 3933 1226 3996 ubi
1251 3955 1349 4017 quum
1372 3933 1442 3997 libri

338 4051 423 4113 'sine
447 4056 543 4112 metro
568 4048 749 4132 praebeant:

445 4165 491 4237 μθι
515 4163 555 4226 Δι’
561 4165 569 4185 ’
592 4163 653 4226 οὐδὲ
676 4163 727 4235 τὴν
751 4165 901 4237 μυριοστὴν
924 4169 1025 4240 μοῖραν
1048 4158 1083 4225 ὧν
1107 4165 1257 4242 ποιοῦμεν,

355 4299 438 4340 nunc
462 4284 542 4340 recte
565 4275 678 4359 legitur
701 4276 819 4340 οὐδέπω.
