3364 5502
659 570 773 614 oss'rro
796 569 860 612 ειν.
1265 551 1306 611 33

264 747 281 830 q
305 749 355 810 16.
402 748 549 822 Ἡγοῦμαι
573 747 606 828 δ’,
633 744 953 827 sacrificassent,
978 745 1039 823 περί
1067 748 1120 821 μὲν
1143 751 1193 810 τοῦ
1219 746 1306 823 νίμου

221 859 270 922 καί
294 861 383 924 αὑτοῦ
407 865 457 924 τοῦ
482 857 660 939 πράγματος
683 863 741 940 οῦχ
764 859 836 936 ἕξειν
860 859 965 929 αὐτοὺς
989 857 1006 922 ιί
1028 882 1055 922 τι
1075 857 1222 933 λέξουσιν·
1236 861 1309 923 άνα-

222 973 372 1050 βαίνοντες
395 971 419 1034 δ’
442 972 521 1047 ὑμῶν
545 972 745 1050 ἐξαιτήσονται
768 974 817 1038 καί
842 973 1098 1050 ἀντιβολήσουσιν,
1126 975 1176 1036 οῦκ
1198 971 1309 1048 άξιοῦν-

222 1110 271 1155 τεο
306 1090 356 1148 τοῦ
390 1082 582 1162 Ἀλκιβιάδου
617 1086 688 1157 υἱέος
722 1087 866 1158 τοσαύτην
901 1086 1008 1150 δειλίαν
1039 1090 1247 1161 καταγνῶναι,
1274 1087 1310 1156 ῶς

223 1199 324 1262 ἐκεῖνον
342 1203 457 1261 πολλῶν
473 1198 591 1273 άηαίῶν
605 1200 676 1262 άλλ’
688 1198 754 1278 οὐχί
767 1205 882 1263 πολλῶν
895 1205 990 1263 κακῶν
1002 1197 1092 1262 αίτιον
1104 1197 1309 1274 γεγενημένον.

265 1309 331 1374 Iam
356 1307 550 1393 Hirschigins
574 1313 728 1395 perspexit
750 1313 895 1386 τοσαύτην
914 1313 1022 1376 δειλίαν
1038 1312 1109 1374 ferri
1125 1334 1187 1375 non
1199 1333 1309 1396 posse;

225 1443 286 1486 non
321 1430 422 1487 tumen
457 1423 526 1487 ideo
562 1425 636 1489 haec
671 1425 761 1488 verbs
795 1447 864 1489 cum
896 1425 961 1488 viro
992 1424 1168 1488 doctissimo
1192 1424 1312 1488 deleve·

224 1536 298 1599 rim:
330 1535 450 1601 facilius
482 1538 613 1602 arbitror
636 1561 718 1615 esse,
742 1539 851 1603 δειλίαν
874 1544 992 1602 mutato
1017 1537 1049 1601 in
1072 1537 1167 1613 δίκην,
1193 1538 1310 1620 legere:

223 1651 273 1713 οῦκ
296 1647 441 1724 άξιοῦντες
463 1656 514 1715 τοῦ
538 1650 728 1728 Ἀλκιβιάδου
751 1647 823 1722 υἱέος
846 1651 991 1726 τοσαύτην
1014 1650 1090 1723 δίκην
1110 1655 1310 1726 καταγνῶναι.

226 1761 266 1824 Et
295 1783 401 1824 revera
423 1763 496 1825 satis
521 1785 631 1846 magna
655 1771 719 1827 erat
742 1763 796 1827 illa
819 1765 898 1840 δίκη,
927 1764 953 1827 si
978 1763 1118 1848 quidem,
1143 1770 1179 1824 ut
1202 1763 1313 1825 actoris

224 1874 323 1938 verbis
347 1881 417 1937 utar
440 1896 477 1939 ex
499 1876 516 1959 q
540 1880 579 1953 9,
604 1876 780 1940 Alcibiades
803 1877 943 1954 ἐβουλήθη
969 1876 1017 1940 καί
1045 1874 1150 1954 άτιμος
1173 1871 1314 1941 εἶναικαὶ

223 1988 264 2052 τά
286 1988 420 2066 χρήματ’
443 1990 533 2052 αὐτοῦ
557 1988 726 2066 δημευθῆναι
749 1989 799 2053 καί
824 1989 935 2059 πάσαις
954 1996 1021 2059 ταῖς
1037 1989 1182 2066 κειμένους
1195 1985 1314 2068 ζημίαις

225 2101 322 2180 ἔνοχος
352 2100 485 2176 γενέσθαι
517 2105 633 2178 μάλλον
654 2095 673 2178 ’ἢ
697 2103 779 2178 μετά
802 2108 857 2166 τῶν
880 2107 1003 2166 πολιτῶν
1028 2098 1167 2166 εἶναικαὶ
1193 2100 1313 2174 ίπλίτης

227 2213 378 2290 γενέσθαι,
418 2214 601 2296 quibuscum
633 2215 736 2296 confer
767 2215 922 2298 sequentis
955 2215 1101 2277 orationis
1132 2214 1149 2297 q
1184 2216 1222 2289 9,
1260 2213 1314 2276 ubi

227 2326 374 2409 legimus:
407 2324 434 2388 εί
454 2350 494 2405 τῳ
517 2328 595 2389 δοκεῖ
615 2325 737 2402 μεγάλη
761 2329 778 2401 η
802 2327 893 2405 ζημία
916 2322 1004 2406 εἶναι,
1030 2326 1079 2389 καὶ
1105 2326 1173 2388 λίαν
1198 2325 1316 2406 ἰσχυρὸς

226 2438 239 2502 ὃ
263 2437 365 2515 νόμος,
389 2438 553 2514 μεμνῆσθαι
576 2437 635 2517 χρή
660 2439 734 2502 κτὲ.·

270 2551 287 2634 q
313 2553 363 2615 17.
410 2551 508 2616 Δεινὸν
534 2550 563 2614 δέ
585 2575 633 2628 μοι
657 2551 748 2628 δοκεῖ,
772 2547 793 2614 d
816 2548 914 2630 άνδρει
938 2550 1092 2633 δικασταί,
1117 2547 1206 2627 εἶναι,
1231 2552 1255 2614 εί
1267 2553 1318 2615 αῦ-

226 2667 277 2728 τεῦ
307 2663 362 2740 μὲν
393 2664 497 2729 ἐκείνου
528 2665 650 2728 θάνατον
680 2665 866 2742 κατέγνωτε,
894 2668 944 2729 τοῦ
968 2664 991 2728 δ’
1014 2665 1074 2728 υἱοῦ
1097 2663 1259 2734 άδικοῦντος
1282 2662 1317 2728 δι’

227 2778 330 2840 ἐκεῖνον
352 2778 578 2858 άποψηφιείσίε.

272 2887 465 2972 Ineleganter
487 2887 559 2955 εἶναι
584 2912 602 2954 a
624 2890 710 2955 δεινὸν
732 2890 762 2954 δέ
784 2915 831 2966 μοι
855 2890 932 2955 δοκεῖ
952 2896 1109 2974 separatur
1124 2888 1313 2973 interpositis

228 3000 326 3065 verbis
357 2998 377 3064 ὦ
408 3002 506 3081 άνδρες
537 3003 692 3079 δικασταί,
724 3003 773 3066 oui
802 3003 877 3066 vitio
900 3004 945 3066 sio
968 3002 1082 3086 optime
1105 3001 1315 3079 medebimur,

229 3113 254 3175 si
292 3114 477 3178 infinitivum
514 3116 639 3179 minime
670 3117 874 3182 necessarium
910 3115 1128 3192 deleverimus,
1166 3116 1228 3179 sive
1263 3137 1317 3198 per

229 3225 467 3311 dittographium
501 3234 593 3292 natus
628 3236 675 3328 est
711 3251 747 3291 ex
782 3230 922 3311 sequenti
957 3230 1001 3304 εί,
1037 3229 1100 3291 sive
1139 3249 1157 3291 ο
1190 3227 1315 3291 librario

228 3338 307 3401 male
330 3338 456 3415 sedulo,
481 3341 531 3403 cui
554 3336 626 3405 εἶναι
650 3341 683 3404 in
708 3340 916 3424 superioribus
941 3341 1044 3404 deesse
1068 3339 1249 3417 videbatur,
1267 3339 1318 3402 ad·

228 3449 312 3514 ditus
344 3458 399 3514 est.
446 3450 483 3514 In
507 3450 654 3517 Oratione
677 3454 817 3538 sequenti
840 3455 857 3538 q
881 3457 896 3517 7
923 3461 1004 3517 recte
1028 3461 1121 3536 atque
1144 3451 1250 3515 ordine
1274 3451 1316 3515 le·

228 3563 328 3648 gitur:
352 3564 437 3628 δεινὸν
460 3564 490 3629 δέ
511 3589 559 3640 μοι
584 3566 661 3630 δοκεῖ
680 3563 768 3647 εἶναι,
793 3563 814 3630 ὦ
838 3564 936 3646 άνῦρες
959 3565 1114 3641 δικασταί,
1140 3567 1164 3629 εί
1187 3565 1248 3630 κτὲ.

273 3678 365 3761 qt9.
412 3677 450 3740 In
482 3677 586 3742 codice
613 3679 754 3744 Palatino
777 3679 907 3762 legitur:
932 3679 981 3743 καί
1005 3681 1112 3744 τοιαῦθ’
1137 3677 1316 3758 ἡμαρτηκότι

229 3790 279 3854 καί
302 3787 373 3854 οῦτοι
396 3790 473 3854 δεινά
495 3791 544 3855 καί
569 3792 669 3856 πολλά
692 3791 741 3856 καί
766 3792 894 3869 μεγάλα
917 3791 1083 3864 πεποιηκότι
1108 3791 1174 3854 οὔτε
1195 3797 1250 3854 τῶν
1265 3812 1316 3865 ηε-

231 3902 407 3982 γραμμένυν
441 3903 513 3986 (iam
537 3903 654 3968 dudum
679 3904 837 3969 emendate
861 3904 963 3969 editur
986 3902 1212 3987 πεπραγμένων)
1237 3903 1316 3982 αὐτῷ

229 4014 393 4094 μεταμέλει
416 4015 482 4081 οὔτε
505 4022 560 4080 τῶν
584 4016 750 4094 μελλόντων
773 4018 907 4092 ἔσεσθαι,
931 4015 960 4081 ὃν
982 4022 1099 4093 μάλλον
1122 4015 1176 4080 ἔδει
1195 4015 1317 4091 κοσμιῶ·

232 4152 320 4193 τατον
343 4123 415 4192 εἶναι
439 4135 495 4193 τῶν
518 4135 660 4211 πολιτῶν,
684 4131 849 4206 άπολυγίαν
874 4130 1036 4207 ποιούμενον
1061 4129 1110 4193 τὸν
1133 4129 1237 4194 ἑαυτοῦ
1256 4127 1319 4204 βίον

232 4247 288 4306 τῶν
311 4247 362 4306 τοῦ
385 4242 494 4322 πατρὸς
517 4242 757 4324 άμαρτημάτων,
792 4240 873 4314 οῦτοι
896 4243 1005 4322 ἑτέρους
1028 4241 1149 4322 ὑβρίζειν
1172 4244 1320 4321 πειρῶται.

277 4353 371 4440 Recte
401 4353 562 4433 Reiskius,
594 4377 684 4438 quem
715 4356 897 4420 recentiores
932 4355 1064 4419 editores
1099 4354 1197 4417 secuti
1228 4358 1319 4429 sunt,

1183 4471 1201 4529 5
