3364 5502
305 598 307 603 “
357 577 399 638 80
792 599 907 643 omrro
929 598 999 643 1111.

358 773 441 838 rium
462 774 587 840 illorum
609 775 804 839 manifestum
828 775 1011 840 homicidam
1034 775 1137 839 fuisse.
1185 775 1282 840 Simul
1302 775 1437 857 indicat,

357 907 418 970 qua
456 887 493 950 de
527 909 634 951 caussa
674 888 873 952 nndeoimviri
907 888 1090 971 Dionysium
1125 889 1182 952 hoo
1212 888 1309 953 iacere
1334 910 1439 972 coege-

355 998 434 1062 rint:
466 999 603 1064 fecerunt
632 1022 757 1084 nempe,
792 1009 827 1064 ut
862 1021 918 1084 ego
952 1001 1081 1076 eonieei,
1113 1002 1153 1082 τῷ
1177 1000 1274 1081 δικαίῳ
1298 999 1440 1081 ίσχυριζθ·

356 1133 451 1188 μενοι,
478 1112 539 1188 vel,
564 1113 647 1196 qnod
669 1112 750 1175 idem
772 1112 833 1176 fero
857 1123 917 1188 est,
934 1114 975 1192 τῷ
990 1112 1088 1192 δικαίῳ
1104 1112 1286 1185 πιστεύοντες
1303 1113 1355 1195 (ef.
1379 1113 1438 1174 De·

357 1224 468 1287 morth.
493 1222 546 1288 Or.
572 1223 686 1302 XLIV,
709 1227 727 1310 ψ
750 1226 799 1310 3),
823 1225 845 1287 i.
870 1247 896 1288 e.
922 1246 976 1308 pro
999 1233 1083 1288 nerto
1108 1224 1253 1289 habentes
1274 1247 1306 1288 se
1321 1225 1436 1302 faeere,

358 1335 442 1420 quod
456 1336 573 1400 iustum
589 1336 820 1420 legitimumque
836 1347 931 1413 esset,
947 1339 998 1400 οὐκ
1015 1337 1131 1412 οίθμενοι
1149 1339 1189 1417 τῷ
1201 1337 1351 1417 Ἀγορώτῳ
1363 1359 1437 1412 συμ-

359 1448 496 1527 προίττοιν
503 1496 513 1525 ,
531 1448 551 1511 i.
565 1471 590 1512 e.
604 1469 665 1511 non
677 1450 883 1533 suspicantes,
903 1448 1045 1512 sefacere
1058 1449 1191 1532 aliquid,
1205 1470 1266 1532 qno
1278 1456 1439 1532 praetextu

359 1581 470 1623 usurus
487 1568 565 1624 esset
583 1561 753 1644 Agoratus,
774 1572 810 1624 ut
829 1582 893 1624 sese
913 1561 1019 1625 iudicii
1040 1561 1158 1644 laqueis
1171 1562 1348 1636 extricaret,
1363 1580 1441 1642 quae

360 1674 450 1737 verba
473 1689 590 1750 orator,
615 1673 649 1736 ni
673 1674 778 1750 fallor,
802 1674 846 1737 sio
870 1676 965 1758 aooipi
981 1674 1097 1750 voluit,
1116 1675 1204 1758 quasi
1221 1671 1439 1748 undecimviri,

360 1787 387 1851 si
409 1789 665 1872 praesensissent,
690 1809 751 1871 qua
774 1790 891 1850 ratione
915 1791 1066 1871 Agoratus
1088 1787 1140 1850 illo
1156 1789 1203 1850 ἐπ’
1219 1786 1375 1865 αὐτοφώρῳ
1391 1783 1441 1847 ab·

359 1921 471 1964 usurus
495 1909 590 1977 esset,
616 1922 677 1966 non
700 1901 836 1964 ooaetnri
859 1900 988 1964 fuissent
1016 1899 1196 1983 Dionysium
1220 1898 1401 1962 adscribere.

355 2027 358 2030 ’
404 2015 421 2097 ψ
444 2017 483 2077 87
509 2013 566 2097 (†).
614 2016 659 2078 Οὐ
682 2014 741 2093 γίιρ
764 2013 853 2087 δήπου
868 2018 952 2076 τοῦτο
966 2012 1049 2088 μόνον
1068 2011 1186 2076 οίεται
1202 2012 1248 2072 ἐπ’
1264 2012 1439 2091 αὐτοφώρῳ,

361 2127 410 2191 εὀίν
436 2149 479 2198 τιςΙ
509 2125 587 2206 ξύλῳ
610 2126 626 2201 ἢ
649 2148 788 2207 μαχαρῳ
811 2125 952 2201 πατοίξας
970 2124 1151 2204 navandae,
1175 2125 1236 2186 ἐπεί
1262 2121 1294 2186 ἔκ
1317 2145 1354 2197 γε
1375 2125 1439 2185 τού

361 2245 419 2304 σού
453 2239 542 2315 λόγου
575 2239 663 2310 οὐδεὶς
697 2241 863 2322 φανήσεται
897 2239 1069 2308 ὐποοτείνας
1100 2237 1166 2306 τούς
1190 2233 1312 2314 ἄνδρας,
1336 2227 1382 2304 οὐς
1405 2233 1441 2296 σὺ

360 2352 554 2432 οίπέγραψας.

407 2466 466 2530 Pro
496 2467 584 2531 οἴεται
615 2487 685 2529 cnm
717 2462 919 2528 Herwerdeno
950 2461 1143 2525 scribendum
1174 2479 1280 2524 oenseo
1312 2463 1370 2522 νοεῖ
1389 2456 1440 2536 τί,

362 2579 444 2663 quod
468 2579 495 2641 si
518 2599 585 2641 vere
608 2581 803 2640 emendatum
827 2589 889 2650 est,
913 2574 1005 2637 simul
1028 2573 1243 2656 corrigendum
1265 2573 1297 2633 ἔκ
1312 2593 1349 2645 γε
1364 2569 1440 2632 τού-

362 2717 421 2758 τον
456 2698 516 2756 τού
549 2687 639 2767 λόγον
672 2709 728 2773 pro
762 2686 794 2752 ἔκ
820 2709 857 2763 γε
888 2690 948 2749 τοῦ
971 2691 1030 2749 σοῦ
1053 2688 1160 2765 λόγον,
1197 2685 1228 2746 in
1253 2682 1336 2764 qnod
1361 2679 1440 2744 illud

363 2807 542 2892 pervulgato
566 2825 665 2867 errore
689 2802 774 2865 abiit.

406 2922 424 3004 ψ
446 2924 485 2984 oi
511 2921 568 3002 (ψ).
615 2917 727 2981 Οὐκοον
749 2914 762 2978 ὃ
786 2911 876 2982 αίτιος
898 2916 949 2975 τοῦ
971 2910 1095 2975 θανοίτου
1118 2904 1197 2979 οὗτος
1219 2907 1267 2970 ἐπ’
1282 2903 1442 2985 αὐτοφώρῳ

364 3035 442 3107 ἐστίς
466 3033 520 3104 Τίς
544 3029 589 3096 οὐν
611 3031 702 3102 ἄλλος
725 3028 814 3097 αίτιος
838 3023 908 3101 ἢσύ
923 3025 1123 3103 ὐπογρώψαςρ
1144 3021 1247 3084 Ὥστε
1261 3022 1319 3088 πῶς
1332 3019 1382 3081 οὐκ
1395 3018 1443 3080 ἐπ’

365 3148 522 3228 αὐτοφώρῳ
543 3145 580 3209 σύ
602 3141 631 3208 εί
650 3145 663 3209 θ
685 3142 898 3211 ἀποκτείνας
909 3165 919 3216 3

411 3263 561 3324 Aoeurate
592 3260 660 3342 quis
693 3258 774 3340 legat
805 3255 887 3317 huno
914 3251 1126 3336 syllogismum
1148 3254 1179 3308 et
1204 3243 1321 3318 videat,
1346 3263 1448 3305 annon

366 3377 476 3439 ultima
499 3373 559 3437 dno
584 3371 730 3436 voeabula
752 3368 862 3453 Lysiae
887 3363 1090 3430 abindioanda
1113 3361 1190 3436 sint,
1215 3361 1328 3441 qnippe
1344 3355 1449 3418 addita

368 3512 385 3552 a
416 3487 526 3564 sciolo,
558 3486 613 3571 qni
642 3484 797 3548 insolitam
829 3481 1014 3543 locutionem
1036 3476 1083 3538 ἐπ’
1107 3473 1263 3553 αὐτοφώρῳ
1285 3470 1321 3533 σύ
1345 3463 1373 3531 εί
1392 3488 1447 3530 sno

367 3624 452 3667 more
475 3601 626 3686 explicare
649 3613 776 3663 conatus
801 3596 851 3659 sit.

411 3718 428 3802 ψ
451 3719 491 3781 91
517 3722 574 3800 (ψ).
621 3713 727 3793 Quum
750 3723 833 3774 aotor
856 3708 888 3771 in
910 3707 927 3791 ψ
950 3706 991 3767 96
1016 3701 1159 3774 dixisset,
1185 3697 1231 3760 vel
1246 3695 1316 3759 ideo
1332 3695 1447 3777 Agora·

369 3840 435 3894 tum
457 3828 652 3893 condemnari
674 3837 828 3910 oportere,
852 3819 895 3885 ὅτι
918 3819 1050 3899 προσήκει
1072 3813 1215 3878 reinserta
1240 3810 1296 3892 (sio
1315 3808 1450 3870 Herwer·

370 3945 467 4010 denus
492 3964 545 4027 pro
568 3941 697 4021 ἐναντία)
721 3945 779 4009 τοῖς
801 3934 956 4015 τρισίκοντα
973 3927 1169 4011 ψηφίζεσθαι,
1197 3925 1239 3986 sio
1256 3920 1374 4006 pergit:
1399 3919 1448 3981 ἐὰν

369 4057 415 4125 οὐν
441 4057 586 4124 τούναντίον
614 4061 673 4124 τοῖς
702 4057 856 4132 τριοίαοντα
885 4042 1067 4127 ψηφίζησθε,
1098 4035 1280 4116 πρῶτονμὲν
1303 4036 1360 4112 οὐχ
1385 4031 1451 4105 θαύ-

371 4182 465 4256 ψηφοι
495 4171 649 4249 γίγνεσθε,
681 4166 784 4230 ἔπειτα
813 4171 873 4232 τοῖς
896 4158 1038 4238 ὑμετέροις
1062 4156 1156 4218 αὐτῶν
1178 4151 1275 4232 φίλοις
1297 4171 1452 4226 τετιμωρη-

371 4290 453 4361 κότες
486 4288 599 4367 ἔσεσθε,
635 4283 740 4349 ἔπειτα
770 4286 830 4350 τοῖς
865 4280 955 4340 πᾶσιν
990 4272 1141 4352 ἀνθρώποις
1164 4263 1261 4340 δόξετε
1284 4264 1383 4327 δίκαια
1404 4260 1454 4324 καί

373 4402 439 4470 ὐσια
460 4401 659 4484 ψηφίσασθαι.
