3364 5502
665 602 780 646 onnr1o
802 605 875 648 xxx.
1274 587 1315 647 59

229 773 341 853 βουλῇ,
375 778 412 846 οδε
443 779 500 852 ἐγὼ
532 783 588 842 τῶν
619 776 784 859 τριοικοσίων
816 780 889 864 (leg.
925 780 1128 863 τετρακοσίων)
1159 780 1316 859 ἐγενόμην,

230 889 409 962 ἐνθυμεῖσθε·
439 897 495 955 τῶν
527 898 652 957 τοιοιῦτιι
678 893 824 970 λεγόντων
848 895 880 958 ἐκ
902 900 958 957 τῶν
981 894 1145 973 τριακοσίων
1172 894 1245 978 (leg.
1269 919 1318 960 τε·

228 1001 397 1084 τροιιιοσίων)
427 1011 527 1068 πλεῖον
558 1004 653 1079 (recte
685 1005 821 1070 Oobetns
852 1008 953 1090 τλείν)
977 1008 993 1083 ἢ
1015 1007 1105 1088 χίλιοι
1128 1010 1317 1084 νενησοντοιι·

228 1114 279 1178 nat
308 1114 368 1208 γοδρ
399 1118 464 1188 τοὺς
494 1116 536 1182 ἔτι
568 1119 679 1190 τοιῑδοις
709 1117 794 1190 ύντιις
826 1123 855 1183 ἕν
882 1120 976 1200 εἰιείνιρ
997 1123 1038 1200 τῷ
1061 1120 1154 1200 χρόνῳ
1176 1121 1225 1185 ιιοιί
1249 1121 1316 1192 τούς

229 1228 450 1302 ἀποδημοῦντος
473 1231 497 1294 οἱ
519 1230 693 1318 διοιβοίλλειν
715 1233 884 1310 βουλόμενοι
908 1233 1206 1312 resecandorum.

276 1339 353 1404 Aliis
376 1341 608 1408 diiudicandum
632 1345 788 1430 relinquo,
813 1355 918 1412 utrum
942 1354 1095 1412 corrector
1119 1347 1232 1410 codicis
1250 1347 1316 1411 Flo·

229 1455 360 1531 rentini,
392 1479 480 1540 quem
507 1457 666 1522 Bekkerus
681 1469 720 1524 et
744 1460 880 1525 Cobetus
905 1463 1003 1526 secuti
1027 1472 1117 1537 sunt,
1143 1470 1223 1525 recte
1246 1469 1317 1526 ante

228 1575 283 1634 τῶν
306 1571 466 1635 inseruerit
489 1570 548 1649 ότι,
573 1596 611 1637 an
636 1596 705 1638 cum
730 1575 887 1660 Sauppio,
916 1576 968 1660 qui
994 1577 1024 1640 in
1049 1574 1105 1660 up.
1129 1576 1196 1640 crit.
1223 1599 1251 1659 p.
1274 1578 1315 1638 22

230 1683 311 1748 hunc
344 1684 443 1749 locum
468 1694 594 1764 tractat,
621 1687 743 1771 vulgata
768 1689 860 1753 lectio
885 1688 1046 1753 retinenda
1068 1689 1124 1752 sit:
1157 1689 1223 1752 iure
1247 1711 1316 1752 vero

229 1796 337 1860 doctus
372 1798 424 1860 ille
458 1799 557 1864 scriba
592 1802 850 1885 praepositionem
883 1804 916 1867 ἐκ
949 1810 1020 1867 ante
1043 1802 1232 1882 τετροωιοσίων
1254 1824 1315 1865 non
1367 1796 1373 1805 ’

229 1910 317 1987 tulit,
338 1906 403 1976 non
427 1914 507 1977 enirn
532 1913 661 1997 probum
685 1923 731 1978 est
754 1917 813 1993 είμὶ
838 1917 870 1980 ἐκ
892 1922 948 1981 τῶν
971 1916 1160 1995 τετροιιιοσίων
1184 1938 1238 2000 pro
1254 1915 1313 2006 είμί

227 2032 283 2090 τῶν
304 2027 504 2105 τετροικοσίων.
529 2036 565 2092 ut
588 2028 693 2114 paullo
716 2036 785 2113 post
808 2030 838 2093 in
863 2032 879 2113 c
900 2033 918 2091 8
940 2040 1020 2094 recte
1043 2030 1166 2113 legitur.
1201 2028 1316 2109 Quam·

228 2161 319 2223 quam
343 2141 444 2204 minus
467 2141 577 2219 laudo,
602 2141 685 2227 quod
709 2143 789 2207 idem
808 2145 1064 2227 praepositionem
1081 2143 1210 2226 migrare
1227 2143 1317 2205 iussit

229 2261 299 2316 ante
318 2259 373 2318 τῶν
390 2262 515 2320 τοιοιύτοι
535 2255 694 2335 λεγόντων,
717 2279 786 2320 nam
811 2279 850 2319 ne
874 2257 931 2320 hoc
950 2256 1074 2339 quidem
1091 2257 1241 2320 Graecum
1258 2264 1314 2320 est.

228 2365 388 2430 Caeterum
420 2367 509 2432 verba
540 2372 596 2431 τῶν
625 2375 749 2434 τοιοῦτοι
782 2369 927 2446 λεγόντων
957 2391 1019 2433 non
1046 2368 1092 2433 illi
1119 2369 1236 2446 solum,
1261 2369 1314 2432 sed

228 2479 295 2543 eliis
319 2501 442 2564 quoque
465 2480 625 2545 offensioni
651 2482 792 2557 fuerunt,
823 2489 858 2545 ut
881 2481 1080 2555 Marklando,
1105 2481 1158 2564 qui
1182 2482 1315 2564 suspica·

227 2591 319 2656 batur
343 2593 490 2658 excidisse
514 2597 564 2659 εἰιν
587 2594 730 2670 ἀκούσητε
753 2603 783 2660 et
798 2594 1048 2670 Westcrmanno‚
1066 2594 1120 2679 qui
1136 2597 1160 2660 εί
1175 2596 1315 2678 οιιιροῖοσόε

227 2707 289 2770 sive
312 2708 336 2771 εί
354 2707 495 2788 οίνέχεσόε
511 2708 692 2794 supplebat,
714 2731 846 2793 quorum
864 2707 1115 2771 hariolationibus
1133 2707 1206 2770 satis
1222 2707 1316 2771 incer·

227 2818 265 2881 tis
290 2818 358 2905 vide
382 2843 483 2884 annon
508 2829 640 2904 praestet
662 2843 716 2906 pro
731 2827 856 2886 τοιούτω
871 2821 1018 2904 corrigere
1031 2821 1142 2894 τόληόη
1153 2820 1215 2884 sive
1227 2817 1315 2884 τοῦτ’

225 2932 319 3006 οίληόῆ
349 2939 380 2996 οι
411 2954 479 2995 oum
508 2933 644 3018 Sauppio
667 2955 722 3017 pro
745 2939 802 2998 τῶν
826 2934 976 3017 corrigere
999 2933 1124 3010 rosires,
1150 2941 1185 2996 ut
1208 2955 1315 2997 manus

226 3044 335 3128 Lysiae
367 3046 482 3108 fuerit:
506 3045 614 3109 τούτων
636 3047 750 3121 τύληόῆ
774 3046 919 3122 λεγόντων
942 3051 998 3109 τῶν
1019 3047 1208 3125 τετρακοσίων
1230 3053 1316 3110 τλεῑν

225 3159 242 3232 ἢ
273 3157 363 3237 χίλιοι
396 3159 582 3234 γενήσοντιιιε
623 3158 656 3220 St
686 3181 782 3221 νιοτυιιι
806 3160 949 3242 estquod
973 3158 1025 3220 ιἐόί
1046 3158 1164 3235 dicuat,
1188 3158 1316 3240 σινριόίιιι

224 3270 303 3332 anille
325 3270 357 3331 οἰι
379 3269 651 3354 quoda-ingressorum
676 3291 793 3334 ιιυυιοιο
807 3271 940 3353 fuerint.

268 3383 285 3466 c
310 3383 360 3445 10.
407 3381 567 3446 Scheibius
600 3381 717 3446 edidit:
751 3381 848 3456 ε’τειδίι
879 3382 939 3462 ydra
963 3379 1147 3458 ἀπολομένων
1169 3386 1226 3446 τῶν
1248 3388 1314 3446 νεῶν
1352 3403 1356 3410 ·

224 3499 241 3565 ἡ
272 3494 457 3572 μετάστασις
489 3494 667 3575 ἕτροίττετο,
700 3502 840 3582 Κλεοφῶν
870 3497 923 3568 την
953 3495 1062 3572 βουλην
1085 3495 1230 3574 ἐλοιδόρει,
1254 3493 1314 3574 <dds

223 3632 297 3672 σιιων
325 3608 500 3673 συνεστοίνοοι
524 3608 574 3673 ιιοιὶ
598 3613 629 3674 ού
650 3611 692 3674 τοι
714 3610 863 3686 βέλτιστοι
885 3609 1035 3687 βουλεύειν
1060 3617 1097 3688 τῇ
1121 3607 1214 3672 πόλει.
1249 3607 1311 3672 Σοί·

223 3747 303 3802 τνρος
326 3724 355 3786 δὲ
379 3723 536 3802 Κηφισιεὺς
559 3723 706 3798 βουλεύων
728 3722 825 3788 ἔσεισε
848 3725 901 3796 την
923 3722 1033 3799 βουλίην
1055 3721 1202 3796 δήσωντοιι
1225 3721 1312 3785 οιύτδν

225 3837 400 3916 τοοριιδοῦνοοι
425 3835 603 3915 διιιιιστηρίω.

267 3948 466 4033 Participium
490 3947 635 4025 βουλεύων
660 3949 709 4012 vix
734 3949 836 4012 locum
860 3949 941 4013 tueri
965 3954 1083 4032 potest,
1101 3947 1161 4011 nisi
1175 3946 1244 4011 τότε
1263 3945 1310 4008 vel

222 4060 321 4124 simile
346 4061 421 4143 qnid
445 4060 586 4124 addatur.
635 4059 694 4124 Sed
718 4061 842 4124 minime
865 4083 942 4145 opus
963 4069 1028 4123 erat
1043 4057 1154 4123 addere
1166 4057 1307 4143 Satyrum

223 4173 296 4236 haec
320 4174 488 4249 censuisse,
515 4196 611 4258 quum
637 4188 759 4237 senator
782 4181 879 4246 esset;
904 4195 939 4235 ex
960 4180 1026 4235 tota
1041 4172 1122 4235 enim
1136 4169 1310 4233 narratione

223 4293 324 4370 patet,
356 4284 431 4348 haec
461 4286 509 4370 agi
540 4287 572 4350 in
605 4296 732 4364 senatu,
764 4285 818 4350 ubi
841 4285 956 4348 nemini
980 4285 1038 4347 nisi
1061 4282 1195 4348 senatori
1219 4282 1310 4347 rerba

222 4398 320 4462 facere
343 4397 431 4460 licet:
458 4399 559 4482 itaque
583 4399 746 4463 deleverim
768 4398 924 4476 βουλεύων.
