3364 5502
354 555 394 618 52
791 575 906 619 oanrro
930 575 1001 619 xxv.

352 763 419 818 sent
450 753 536 837 (ibid.
560 756 576 838 ᾧ
600 757 664 837 24).
711 753 804 833 Quod
828 777 897 817 cum
921 755 964 817 ita
988 754 1045 828 sit,
1074 775 1136 816 non
1161 753 1226 815 siue
1252 752 1313 815 veri
1339 751 1438 835 specie

351 867 510 931 Scheibius
545 869 675 932 coniecit
709 868 776 937 τοὺς
811 867 1081 947 οὶπογροιψοιριένους
1116 864 1304 930 Ἐλευσῖνάδε
1333 871 1437 928 nostro

352 982 419 1044 loco
442 1003 507 1044 esse
531 1003 581 1044 eos
606 1003 642 1042 ex
665 981 782 1045 urbana
805 980 954 1056 factione,
980 979 1034 1064 qui
1059 978 1117 1043 sibi
1134 985 1304 1042 metuentes
1315 977 1439 1040 nomina

352 1093 508 1158 dedissent
531 1094 699 1170 intereos,
729 1095 783 1177 qui
807 1093 965 1178 Spartanis
989 1091 1166 1156 auctoribus
1189 1089 1364 1154 Eleusinem
1389 1090 1440 1153 ha·

352 1208 484 1273 bitatum
508 1208 682 1272 concessuri
705 1215 800 1271 erant.
847 1206 934 1271 Inter
957 1207 1013 1271 hos
1039 1213 1159 1282 eutem,
1184 1215 1220 1270 ut
1243 1213 1350 1268 nostro
1371 1204 1439 1268 loco

352 1322 385 1383 in
417 1319 519 1384 codice
550 1322 642 1385 unico
665 1321 813 1404 legimus,
839 1328 942 1398 erant,
968 1321 1022 1404 qui
1047 1320 1199 1384 sententia
1221 1327 1339 1384 mutata
1362 1318 1441 1395 ἐξελ-

352 1432 445 1497 acm
475 1433 538 1509 μεθ’
570 1435 647 1509 ὑμῶν
676 1436 886 1508 ἐπολιορκοῦντο
917 1434 981 1511 μεθ’
1014 1435 1125 1516 οιὺτῶυ,
1161 1433 1244 1519 quod
1269 1441 1439 1498 monstrum

352 1545 430 1609 idom
463 1545 622 1611 Scheibius
655 1568 817 1631 procurare
848 1556 976 1611 conatus
1002 1549 1149 1611 coniecit:
1175 1548 1351 1628 ἐπολιόρκουν
1374 1553 1440 1622 τοὺς

352 1664 416 1738 μεθ’
447 1661 556 1736 aaron,
593 1661 625 1722 in
657 1682 718 1744 qua
749 1661 924 1725 coniectura
953 1661 1046 1725 laudo
1069 1661 1135 1735 τούς
1158 1662 1362 1728 substitutum
1386 1686 1440 1748 pro

353 1797 402 1850 το,
434 1794 619 1859 quamquam
651 1773 806 1857 Kayserus
837 1775 905 1838 iure
934 1777 1043 1859 opinor
1067 1777 1226 1841 contendit
1248 1775 1358 1861 Lysiae
1382 1801 1442 1841 ma·

355 1909 430 1951 num
454 1888 496 1950 sic
518 1886 656 1951 nondum
679 1889 853 1951 restitutam
879 1911 962 1966 esse,
988 1890 1102 1973 requiri
1127 1891 1208 1954 enim
1231 1891 1296 1964 τοὺς
1313 1891 1442 1971 πρότερον

356 2001 420 2079 μεθ’
444 2002 537 2064 οοὺτῶυ
560 1999 644 2074 ὄντοις
668 2001 713 2065 vel
739 2002 836 2066 simile
861 2003 945 2086 quid.
988 2004 1067 2068 Mihi
1090 2003 1197 2088 Lysias
1223 2004 1378 2088 scripsisse
1402 2005 1443 2068 vi-

356 2115 461 2178 detur:
486 2115 661 2195 ἕτολιόρκουν
684 2118 750 2187 τοὺς
774 2117 854 2185 ιιετοὶ
876 2123 931 2180 τῶν
953 2129 1001 2192 λ’,
1026 2119 1046 2180 i.
1072 2139 1096 2180 e.
1114 2118 1279 2181 factionem
1294 2123 1350 2182 τῶν
1365 2119 1442 2197 τριοὶ-

356 2250 458 2305 κοντοι,
495 2231 571 2310 quae
606 2227 757 2312 refugium
794 2229 852 2293 sibi
887 2233 1057 2313 quaesierat
1090 2230 1253 2306 Eleusine,
1283 2238 1318 2295 ut
1351 2254 1444 2318 supra

358 2341 676 2406 commemoravimus:
706 2364 785 2426 quae
808 2343 900 2407 lectio
925 2367 1013 2427 quam
1039 2351 1110 2428 apta
1132 2345 1172 2408 sit
1195 2352 1300 2410 nostro
1323 2346 1390 2410 loco
1414 2354 1444 2410 et

359 2478 450 2539 quam
480 2455 567 2518 facile
599 2476 703 2518 ansam
727 2456 799 2520 dare
821 2459 956 2541 potuerit
981 2459 1122 2544 vulgatae
1147 2459 1287 2537 lectioni,
1312 2484 1374 2525 non
1399 2467 1445 2525 est

359 2570 443 2654 quod
466 2568 573 2633 multis
596 2567 813 2632 demonstrem.

402 2687 494 2769 513.
541 2680 620 2745 Vide
644 2681 681 2745 ad
706 2681 759 2745 Or.
788 2685 864 2766 Μ
893 2687 942 2748 13.
1029 2631 1031 2635 ⁷

401 2805 492 2888 §tit
540 2799 620 2864 Vide
642 2797 680 2862 ad
704 2797 757 2862 Or.
784 2799 934 2882 l5‚§6.

403 2919 495 3002 §33
542 2913 599 2978 Κοιὶ
623 2912 745 2988 δέξαιντ’
772 2911 808 2977 ἂν
830 2913 935 2993 ροικροὶυ
959 2910 1030 2977 sirco
1054 2915 1106 2986 τὴν
1129 2913 1213 2978 πόλιν
1235 2919 1352 2992 μᾶλλον
1376 2915 1446 2991 W

361 3029 469 3101 ἄλλους
500 3027 639 3105 μεγοὶλνρυ
666 3027 715 3091 aci
743 3027 909 3107 ἐλευθέριον,
934 3027 1085 3104 ἡγούμενοι
1110 3034 1157 3092 νῦν
1179 3028 1232 3102 μὲν
1256 3028 1303 3093 διὰ
1325 3030 1392 3100 τοὺς
1415 3031 1448 3093 ’ἐκ

360 3147 496 3223 Πειροιιῶς
527 3141 625 3213 κὺτοῖς
649 3139 753 3216 ἕξεῖνοιι
778 3147 866 3204 ποιεῖν
889 3137 906 3202 δ’
925 3163 954 3203 τι
978 3137 1214 3222 tractarenon,
1240 3141 1291 3205 εὀὶυ
1315 3141 1340 3204 δ’
1364 3139 1447 3206 ὕστε-

295 3291 297 3296 ·
360 3281 403 3337 ρον
427 3258 494 3331 ὑμῖν
516 3255 556 3321 δι’
579 3254 687 3334 ἑτέρους
711 3254 837 3333 ποτηρίου
860 3253 1000 3330 ρέοιρτοιι,
1024 3254 1143 3325 τούτους
1166 3253 1220 3328 μὲν
1242 3254 1447 3336 ἕπιλύοετθοιι,

363 3371 481 3442 ἐκείνους
516 3369 544 3433 δὲ
579 3368 676 3449 μεῖζον
710 3367 891 3442 δυνήσεσθαι·
922 3366 996 3432 ὥστε
1024 3367 1057 3430 τὸ
1089 3367 1161 3432 corb
1188 3366 1297 3439 πάντες
1320 3368 1450 3441 ἐκποδών

362 3487 450 3559 εἰσιν,
475 3481 525 3547 aar
549 3505 576 3546 τι
600 3480 639 3545 δι’
664 3478 896 3556 cancromata
920 3481 988 3556 ὑμῖν
1010 3480 1164 3560 Φοιίνιρποιι.
1312 3567 1313 3570 ¹

409 3596 510 3660 Locus
534 3594 655 3659 duobus
680 3592 761 3656 vitiis
785 3591 922 3667 laborat,
948 3613 1078 3675 quorum
1098 3614 1194 3655 unum
1213 3592 1376 3668 exemeris,
1397 3593 1451 3656 ubi

367 3733 422 3796 pro
445 3709 575 3773 lectione
599 3707 715 3770 codicis
738 3706 925 3771 ἕπιλύτεοθοιι
948 3706 1120 3789 reposueris
1137 3705 1375 3784 τοιροολύτεοθοιι,
1393 3707 1453 3770 οοΙ-

367 3824 430 3887 lato
454 3821 525 3907 Lys.
551 3821 604 3885 Or.
629 3819 730 3896 XIII,
754 3822 771 3903 ᾧ
794 3822 853 3884 to:
876 3819 925 3883 aci
951 3821 967 3892 ἡ
991 3819 1112 3896 δυὐοιμις
1135 3815 1244 3883 ι’έποιτοι
1266 3825 1319 3893 τῆς
1340 3819 1451 3889 πόλεως

368 3935 531 4013 πυρελύθιρι
570 3933 653 4019 quod
690 3933 771 3996 enim
805 3933 856 3995 aiii
887 3940 1114 4017 proposuerunt
1146 3931 1380 4018 κοιτοιλύοετθκι
1399 3933 1453 3997 mi·

368 4070 427 4112 nus
462 4047 577 4131 placet,
614 4047 758 4129 quoniam
791 4051 896 4108 ¹orator
930 4067 991 4108 non
1028 4044 1111 4120 vult,
1138 4044 1255 4122 „maios
1279 4043 1349 4107 illos
1372 4046 1452 4109 cives

369 4167 521 4236 metuere,
558 4181 595 4223 ne
633 4158 767 4243 ipsorum
803 4157 966 4221 auctoritas
1000 4179 1121 4237 ρνονουο
1155 4157 1333 4240 conamen?
1369 4158 1452 4242 quod

317 4285 318 4288 ’
369 4275 448 4337 foret
478 4272 715 4345 κοοτοιλύοεοθοιι,
748 4269 800 4334 sed
824 4293 885 4348 „ne
908 4271 1044 4354 ipsorum
1068 4270 1232 4334 auctoritas
1255 4270 1404 4334 misercatur
1426 4276 1455 4334 et

369 4384 566 4462 debilitetur,”
589 4384 609 4447 i.
635 4406 660 4446 e.
685 4383 923 4462 πυρκλύοετθοιι,
950 4404 1011 4467 qua
1035 4381 1258 4465 significatione
1282 4381 1312 4445 h.
1336 4381 1357 4445 l.
1374 4403 1453 4465 opus
