3364 5502
366 572 386 630 4
822 587 938 632 ummo
961 587 984 629 1.

367 766 531 830 oblocutus
548 774 594 830 est
609 766 648 831 cl.
669 765 878 843 Franckenus,
900 766 1088 830 contendens
1105 766 1142 830 iis
1163 766 1284 829 omissis
1300 786 1362 829 non
1379 765 1452 828 satis

368 902 432 944 esse
456 901 580 944 caussae
604 902 659 944 cur
681 879 811 943 feminae
827 879 955 963 reliquis
972 880 1172 963 excipiantur.
1204 879 1335 942 Videtur
1351 886 1452 942 autem

369 1017 430 1059 non
456 995 621 1058 attendisse
647 995 679 1058 in
714 992 867 1077 prioribus
890 993 1006 1070 uerbis,
1031 1015 1109 1078 qnae
1132 1000 1233 1057 orator
1257 993 1383 1078 exlege
1407 1015 1456 1058 cx·

369 1108 498 1193 carpsit,
523 1130 692 1172 sermonem
715 1130 781 1171 esse
804 1107 842 1170 de
864 1107 920 1183 iis,
938 1107 992 1190 qui
1014 1128 1111 1170 marea
1135 1107 1165 1169 vi
1181 1108 1404 1191 stupraverint,
1422 1107 1453 1170 in

369 1221 588 1306 posterioribus
612 1222 650 1284 de
672 1220 728 1296 iis,
753 1220 808 1304 qui
830 1218 1011 1284 mulieribus
1036 1220 1146 1284 vitium
1173 1220 1350 1297 intulerint,
1374 1220 1454 1284 inter

366 1355 443 1417 quos
478 1334 653 1399 distinxisse
686 1340 835 1397 oratorem
870 1355 932 1396 non
966 1340 1013 1396 est
1046 1332 1129 1416 quod
1158 1333 1312 1397 miremur.
1349 1331 1453 1397 Verba

366 1470 383 1510 a
413 1469 462 1510 me
492 1454 599 1511 notata
627 1453 785 1529 nequeunt
815 1446 912 1530 petita
943 1468 1008 1509 esse
1039 1469 1076 1510 ex
1105 1446 1172 1529 lege
1205 1447 1292 1530 βίας,
1325 1452 1362 1509 ut
1388 1446 1454 1531 ipse

366 1559 561 1624 Franckenus
585 1559 743 1636 concedit;
766 1581 865 1643 neque
888 1560 986 1644 magis
1008 1558 1138 1645 Lysiae,
1156 1567 1190 1623 ut
1206 1561 1253 1624 vir
1268 1560 1453 1624 clarissimus

364 1681 469 1759 putat,
494 1696 558 1738 esse
582 1681 729 1757 possunt,
753 1695 825 1737 nam
848 1680 950 1737 orator
973 1673 1072 1756 qualis
1095 1673 1222 1757 Lysias,
1246 1673 1303 1757 qui
1316 1674 1454 1740 claritate

365 1789 459 1864 nitet,
483 1795 547 1851 tam
569 1786 707 1852 obscuris
731 1787 829 1852 verbis
853 1809 915 1852 non
937 1787 1046 1852 fuisset
1069 1810 1164 1865 usus,
1189 1788 1215 1851 si
1236 1789 1384 1854 voluisset
1404 1813 1453 1854 ex·

370 1901 506 1987 plicandi
536 1901 635 1985 gratia
656 1901 736 1965 inter
758 1901 835 1984 legis
858 1899 949 1965 verba
974 1901 1114 1965 indicare
1136 1902 1341 1986 legislatorem
1364 1904 1456 1988 signi·

367 2016 456 2079 ficara
486 2013 605 2078 easdem
626 2014 763 2100 feminus
788 2015 955 2098 quibuscum
986 2016 1019 2078 ia
1050 2016 1196 2079 οάιιίίνννο
1226 2018 1395 2098 &prehensi
1415 2039 1456 2081 sc-

367 2131 489 2194 cundum
524 2128 646 2190 οίοονονιι
677 2128 763 2208 lupam
791 2128 908 2208 impurae
929 2128 1055 2209 interfici
1071 2135 1201 2210 possent.
1221 2128 1333 2207 'Quod
1358 2130 1384 2194 si
1408 2130 1455 2194 vel

369 2241 499 2305 maxime
523 2240 597 2303 haec
620 2241 722 2304 omnia
745 2247 878 2324 quatuor
893 2240 955 2304 illis
972 2241 1071 2306 verbis
1086 2242 1235 2319 inessent,
1260 2242 1343 2325 quod
1359 2265 1453 2329 nego,

367 2377 407 2418 ne
439 2354 483 2417 sic
513 2353 637 2436 quidem
665 2353 845 2417 crediderim
867 2352 990 2438 Lysiam
1015 2377 1049 2418 ea
1073 2354 1243 2419 addidisse:
1269 2356 1333 2419 sine
1357 2379 1457 2421 neces·

372 2470 462 2533 sitate
493 2469 575 2533 enim
605 2468 702 2551 legem
734 2469 919 2553 corrupisset
926 2494 935 2547 ;
963 2491 1034 2533 cnm
1058 2469 1137 2532 enim
1161 2470 1236 2534 haec
1259 2470 1457 2534 constitueret

372 2604 501 2667 poenam
525 2587 721 2658 contraeas,
746 2582 800 2664 qni
823 2581 1003 2644 mulieribus
1026 2582 1058 2644 ν’νν
1077 2604 1181 2663 qaaere
1204 2583 1264 2646 vim
1287 2582 1454 2660 inferrent,

371 2692 481 2778 Lysias
504 2715 557 2778 per
581 2693 815 2777 explicationem
838 2693 899 2778 legi
923 2694 1122 2771 obtrusisset‚
1140 2702 1176 2759 ut
1191 2702 1312 2760 tantum
1328 2718 1455 2781 poenam

371 2807 501 2872 sanciret
533 2814 639 2871 contra
669 2829 738 2886 eos,
770 2808 824 2891 qui
847 2815 914 2880 ταῖς
945 2815 1097 2887 γαμεταῖς
1130 2817 1161 2873 et
1186 2817 1254 2882 ταῖς
1282 2819 1457 2884 παλλακαῖς

374 2921 436 2984 vim
459 2920 647 2984 intulissent.
1055 2997 1057 3000 ¹

415 3034 496 3117 §41
524 3033 578 3116 (τ).
626 3032 664 3097 In
696 3032 801 3098 codice
831 3033 978 3118 legimus:
1011 3032 1133 3110 ἔπειτα,
1160 3031 1181 3099 ὦ
1212 3033 1325 3117 ἄνδρες,
1349 3039 1399 3103 οὐκ
1421 3036 1458 3102 αν

374 3146 443 3210 δοκῶ
466 3147 533 3224 ὑμῖν
556 3153 615 3218 τοῖς
632 3145 798 3222 ἐπιτηδείοις
818 3148 881 3224 μεθ’
902 3146 1010 3227 ἡμέραν
1029 3155 1235 3227 παραγγεῖλαι
1253 3149 1458 3216 salutarim

373 3260 479 3332 αὐτοὺς
502 3268 683 3338 συλλεγῆναι
706 3262 746 3332 εἷς
769 3263 860 3327 οἰκίαν
882 3267 938 3325 τῶν
960 3262 1054 3343 Φίλων
1073 3267 1129 3327 τῶν
1148 3263 1323 3340 ε’γγντνὶτνι;

418 3373 495 3437 Dela
527 3373 671 3458 putidum
707 3373 857 3439 emblema
886 3376 976 3440 οἰκίαν
1010 3381 1042 3438 et
1074 3375 1142 3460 lege
1174 3399 1245 3441 cnm
1272 3375 1388 3442 Cobeto
1411 3401 1461 3443 τον

374 3507 429 3570 pro
453 3486 548 3550 altero
572 3491 644 3570 τῶν,
670 3494 706 3550 ut
729 3485 836 3572 Lysias
861 3488 1016 3572 scripserit
1039 3490 1079 3560 εἷς
1102 3495 1158 3553 τῶν
1180 3490 1275 3570 Φίλιον
1297 3513 1348 3556 τον
1371 3494 1461 3569 ε’γγνὲ

371 3598 464 3664 cclcc.

418 3711 538 3776 Ibidem
562 3712 620 3798 (τ).
665 3713 715 3776 καὶ
748 3714 785 3785 ὥς
809 3713 955 3793 Ἁρμόδιον
977 3714 1031 3790 μὲν
1053 3716 1103 3779 καὶ
1126 3713 1174 3780 τὸν
1197 3714 1276 3780 δεῖνα
1303 3713 1384 3791 ἦλθον
1409 3720 1461 3782 οὐκ

375 3825 587 3902 ἐπιδημοῦντας
610 3827 652 3910 (οὐ
675 3827 734 3907 γαρ
758 3826 861 3912 ᾔδειν),
893 3827 1002 3908 ἑτέρους
1025 3828 1054 3892 δὲ
1076 3831 1127 3894 οὐκ
1146 3827 1219 3893 ἔνδον
1238 3829 1323 3904 ὄντας
1333 3830 1461 3896 κατέλα-

374 3939 444 4019 βον,
469 3935 515 4010 οὓς
538 3934 627 4011 δὀἷόο
649 3963 684 4004 τε
709 3937 741 4015 ἦν
762 3940 865 4017 λαβὼν
888 3939 1029 4021 ἐβάδιζον.

419 4053 496 4117 Dele
522 4052 606 4124 ὄντας
630 4053 714 4138 quod
738 4055 904 4118 orationem
935 4056 1085 4120 soloecam
1101 4055 1202 4120 reddit
1219 4056 1364 4140 qnodque
1379 4065 1461 4121 recte

373 4166 528 4232 omittitur
553 4165 587 4230 in
610 4168 627 4250 b
647 4170 699 4230 23.

417 4281 434 4363 p
457 4282 499 4342 46
525 4280 582 4364 (†).
629 4279 660 4344 cl
690 4278 728 4345 ἂν
754 4277 800 4346 οὖν
823 4280 998 4360 βαλόμενος
1021 4284 1079 4359 ἐγὼ
1101 4288 1226 4348 τοιοῦτον
1248 4283 1369 4348 κίνδυνον
1392 4286 1461 4349 ἐκιν-

368 4391 502 4475 briucort,
533 4393 557 4456 el
583 4395 626 4470 ab
657 4392 690 4457 τὸ
717 4392 857 4470 μέγιστον
880 4400 935 4459 τῶν
958 4395 1144 4474 &rannulfus
1166 4392 1199 4471 ἦν
1222 4397 1270 4460 ὑπ’
1294 4399 1384 4462 αὐτοῦ
1407 4396 1462 4472 ἠδι-
