3364 5502
78 4353 95 4380 δ

670 600 784 644 onemo
806 602 858 645 xx.
1262 577 1304 638 45

686 747 698 806 l

221 798 325 840 caussa
357 800 419 841 non
450 777 670 871 neglexissentt
703 787 810 842 contra
836 777 1004 862 magnificis
1028 776 1125 841 verbis
1151 775 1305 840 extollunt

220 890 327 953 merita
356 913 426 975 erga
452 893 671 976 rempublicam
695 902 725 957 et
750 915 838 977 aegre
861 893 980 968 ierunt,
1005 914 1036 954 se
1061 891 1117 954 dcis
1139 889 1302 955 ἀπολέσθαι

218 1001 325 1067 τούτων
347 1003 449 1083 ἕνεκα,
473 1003 509 1070 ὧν
532 1007 545 1071 ά
568 1011 665 1087 πατὴρ
688 1003 886 1085 διαβέβληται
906 1003 1301 1080 circumlambenda,

170 1145 174 1150 ·
218 1123 254 1178 ut
277 1125 322 1179 est
344 1119 377 1182 in
399 1121 416 1204 b
437 1121 489 1184 30.
540 1120 636 1185 Ulcus
659 1120 809 1197 indicavi,
834 1119 888 1183 sed
912 1117 1101 1204 probabilem
1123 1117 1220 1193 viam,
1239 1137 1300 1200 qua

218 1239 358 1308 sanetur,
384 1254 445 1296 non
469 1233 572 1299 video:
608 1257 679 1298 nam
708 1234 798 1299 nimis
821 1233 923 1298 audax
945 1232 1067 1296 videtur
1089 1230 1189 1295 delere
1213 1229 1303 1293 verba

219 1346 306 1408 αὐτοῦ
339 1370 373 1409 τε
403 1346 453 1410 καῖ
477 1351 556 1424 ἡμῶν
579 1354 822 1428 κατηγοροῦντες,
848 1347 987 1432 quamvis
1009 1367 1099 1410 nemo
1124 1367 1159 1408 aa
1183 1364 1305 1426 magno·

218 1479 287 1540 pere
321 1458 547 1526 desideraturus
571 1463 621 1527 sit.
668 1462 785 1527 Locum
808 1463 903 1546 igitur
928 1460 1118 1525 acutioribus
1143 1457 1305 1522 emendan-

217 1568 292 1633 dum
323 1572 479 1656 relinquo,
511 1583 547 1638 ut
578 1583 609 1640 et
639 1575 671 1639 in
703 1575 902 1660 sequentibus
926 1574 1017 1639 verba
1040 1569 1105 1653 εἶχε
1128 1576 1301 1651 μαρτυρεῖν,

217 1703 312 1764 quac,
336 1686 474 1767 quamvis
497 1709 586 1771 saepe
608 1695 742 1766 tentata,
767 1688 959 1753 emendatore
983 1688 1083 1751 adhuc
1107 1693 1300 1769 egent,nam

218 1795 300 1878 qnod
331 1795 482 1876 Cobctns,
515 1799 688 1866 Dobraaum
720 1809 860 1879 secutus,
892 1823 946 1885 pro
970 1797 1035 1881 εἶχε
1058 1801 1091 1863 in
1114 1807 1232 1862 textum
1256 1797 1302 1859 in·

217 1901 309 1972 trusit
338 1911 469 1993 ἐτάλμα,
502 1915 639 1998 quamvis
667 1915 726 1978 loci
750 1916 918 1979 sententiae
941 1924 1064 1998 aptum,
1089 1912 1180 1976 nimis
1207 1931 1304 1994 quan·

214 2027 283 2084 tum
314 2024 427 2088 recedit
457 2048 474 2089 a
504 2025 625 2092 codicis
656 2028 804 2106 lectione,
828 2051 920 2112 quam
943 2039 978 2092 nt
1000 2028 1033 2090 in
1056 2033 1173 2089 textum
1201 2021 1297 2106 recipi

216 2135 337 2200 debeat.

259 2251 276 2332 p
299 2253 351 2314 tls.
398 2255 516 2328 Ἐπειδὴ
539 2255 568 2317 δὲ
591 2255 725 2335 διεφθάρη
746 2258 801 2340 (sc.
814 2258 847 2320 τά
859 2254 1050 2335 στρατόπεδον
1064 2250 1298 2316 Atheniensium

214 2361 247 2423 in
278 2361 396 2448 Sicilia)
429 2366 478 2428 saci
509 2367 648 2441 άνεσάιάνρν
675 2370 715 2438 εἷς
738 2369 889 2447 Κατάνην,
914 2366 1054 2447 ε’λρζάμην
1078 2364 1236 2445 leudem&
1260 2365 1302 2427 ἕν’

213 2477 311 2539 esula
341 2477 390 2541 καὶ
422 2478 489 2549 τοὺς
512 2481 668 2558 πολεμίους
689 2489 785 2553 κακῶς
808 2482 935 2562 ἐποίουν,
956 2479 1030 2544 ὥστε
1052 2489 1089 2558 τῇ
1112 2480 1165 2558 θεῷ
1187 2500 1221 2541 τε
1244 2475 1300 2547 τάς

213 2587 340 2662 δεκάτας
370 2589 543 2671 ἐξαιρεθῆναι
571 2602 656 2657 πλεῖν
686 2595 702 2671 ἢ
731 2594 886 2674 τριάκοντα
907 2597 985 2670 μνάς
1008 2593 1057 2658 καὶ
1081 2599 1140 2664 τοῖς
1163 2589 1301 2670 στρατιά·

213 2725 279 2773 παις
303 2705 342 2773 εἰς
366 2705 505 2786 σωτηρίαν
512 2753 521 2784 ,
545 2703 602 2771 ὅσοι
621 2709 668 2772 ἐπὶ
692 2716 749 2779 τοῖς
773 2710 921 2786 πολεμίοις
945 2707 1029 2785 ἦσαν.

258 2813 467 2882 Franckenius
491 2841 560 2883 cum
587 2820 726 2886 Dobraeo
750 2822 923 2907 suspicatur
946 2829 1015 2906 post
1030 2827 1090 2891 τοῖς
1107 2817 1300 2897 στρατιώτας

214 2928 360 2992 excidisse
382 2931 423 2994 τά
445 2930 506 2996 icc.
553 2933 585 2996 Si
609 2956 679 2998 vero
702 2935 764 2998 tale
782 2936 862 3018 ⁵quid
886 2935 916 2999 h.
941 2935 962 3000 l.
987 2932 1194 3008 desideratur,
1215 2929 1298 3015 quod

213 3040 381 3106 diiudicare
412 3044 500 3122 nolo,
533 3047 728 3111 verisimilius
759 3049 835 3112 mihi
866 3048 987 3112 videtur
1013 3046 1158 3111 excidisse
1181 3046 1215 3109 τὸ
1237 3043 1298 3108 ἴσον

212 3162 281 3217 ante
303 3163 381 3233 τοῖς,
405 3156 488 3240 qnod
513 3162 663 3223 sententia
685 3163 728 3225 sic
747 3163 937 3227 numerosior
959 3161 994 3224 fit
1007 3167 1038 3224 et
1060 3158 1223 3243 singularis
1242 3179 1298 3222 nn·

211 3269 288 3332 meri
310 3291 383 3332 usus
408 3273 439 3334 in
463 3272 510 3335 his
534 3273 677 3338 solemnis
702 3285 757 3339 est.

254 3384 271 3467 b
292 3386 345 3447 31.
393 3383 462 3449 Non
487 3387 564 3451 facio
580 3410 652 3453 cum
667 3389 783 3453 (lobeto
799 3390 974 3454 eliminante
990 3387 1081 3452 verba
1091 3383 1137 3451 ἵνα
1148 3383 1292 3460 λάβοιμεν

210 3494 242 3558 in
274 3495 338 3560 his:
369 3501 415 3564 Οὐ
445 3501 504 3579 γάρ
527 3505 611 3578 ἡμεῖς
633 3504 794 3584 χρημάτων
823 3528 862 3581 γε
884 3500 983 3578 ἕνεκα,
1008 3498 1054 3566 ἵνα
1076 3499 1238 3577 λάβοιμεν,
1262 3491 1295 3559 εὖ

210 3608 289 3685 ὑμεῖς
319 3611 484 3690 ἐποιοῦμεν,
515 3615 587 3680 άλλ’
613 3613 677 3692 ἵνα,
701 3616 820 3682 εἴποτε
841 3618 963 3687 κίνδυνος
986 3613 1028 3691 εῖν
1052 3616 1141 3701 ἡμῖν,
1167 3605 1296 3686 ἐξαιτού-

209 3745 287 3799 μενοι
311 3728 380 3806 παρ’
405 3728 482 3803 ὑμῶν
505 3734 557 3802 τῖρν
579 3729 667 3804 άξίαν
690 3732 776 3811 χάριν
799 3730 1013 3808 άπολάβοιμεν.

254 3835 392 3902 Dubium
424 3840 548 3922 quidem
577 3864 638 3906 non
662 3852 725 3921 est,
749 3845 822 3927 quin
847 3844 933 3907 locus
957 3842 1066 3906 vitium
1089 3837 1290 3914 contraxerit,

161 3967 163 3970 ·
209 3948 262 4011 scd
294 3948 402 4015 dubito
429 3975 468 4016 an
494 3954 539 4017 vir
561 3954 746 4020 clarissimus
770 3958 798 4021 ei
820 3965 935 4021 rectam
958 3953 1140 4019 medicinam
1164 3951 1294 4018 adbibu-

208 4061 283 4126 erit:
308 4062 390 4146 quod
414 4066 494 4129 enim
518 4090 631 4151 quaeso
647 4068 724 4165 illud
741 4091 837 4154 genus
853 4047 1138 4153 ludimagistrorum
1156 4077 1220 4143 est,
1236 4065 1290 4151 qui

208 4174 247 4238 ad
262 4175 425 4255 χρημάτων
440 4177 524 4244 ἕνεκα
541 4181 751 4266 explicationis
769 4206 860 4248 causa
876 4183 1050 4248 addiderint
1065 4179 1112 4247 ἵνα
1123 4178 1290 4258 λάβοιμενῖ

208 4287 266 4352 hoc
297 4289 343 4353 vel
375 4290 435 4354 illis
460 4297 657 4376 quantumvis
680 4296 820 4362 futilibus
844 4297 1016 4380 indignum.
1055 4295 1215 4358 Praeterea
1239 4292 1293 4358 λά·

186 4383 311 4479 “flocces
333 4403 380 4467 vel
405 4404 474 4470 ideo
498 4430 605 4477 sanum
629 4411 786 4490 existimo,
803 4410 885 4498 quod
902 4409 1048 4474 orationis
1065 4415 1171 4472 auctor
1183 4406 1288 4470 ludere
